2029 2750
900 139 1016 192 »ἓξὲξ
1081 135 1277 193 Mas(
1343 137 1458 188 &³23⁴-

416 255 546 305 dam‚
597 252 665 295 sed
711 251 1023 301 directionem,
1077 250 1316 291 communis
1366 247 1588 288 directioni
1627 246 1880 301 oppositam.

419 316 667 362 Commune
704 316 872 370 oblique
910 313 1181 356 sinistrorsum
1218 314 1402 368 spectat,
1438 325 1523 366 quo
1559 311 1720 366 sanguis
1756 311 1884 364 prosi-

420 384 496 424 liat
546 383 589 422 in
641 383 808 435 apicem
856 378 1069 420 auriculae
1097 409 1107 427 ,
1169 378 1300 418 radici
1362 387 1504 416 aortae
1556 376 1888 416 incumbentem.

416 447 642 501 Proprium
679 445 768 485 hiat
801 445 913 485 recta
959 442 1096 482 versus
1146 441 1324 482 fundum
1376 439 1558 489 sacculi,
1613 439 1680 480 seu
1737 438 1886 479 foueae

417 512 740 553 extremitatem
785 509 1008 554 dextram,
1064 514 1110 544 vt
1161 503 1403 556 sanguinem
1455 513 1649 557 oporteat
1702 504 1888 557 primum

418 573 637 627 impellere
672 573 715 611 in
751 570 928 610 fundum
965 566 1114 609 sacculi
1135 597 1145 615 ‚
1182 579 1364 619 eumque
1399 567 1590 621 replere,
1627 568 1777 608 deinde
1823 578 1888 607 re-

423 635 633 681 vertendo
669 634 787 677 exire
822 645 899 687 per
934 630 1147 673 orificium
1193 643 1434 672 commune.

554 762 755 817 Denique
789 763 831 802 in
866 760 956 815 ipso
991 760 1138 803 sacculi
1173 761 1305 801 fundo
1341 760 1514 801 tertium
1558 767 1728 813 apparet
1772 758 1888 799 orifi-

425 829 539 870 cium
576 827 677 883 (fig.
698 838 740 871 2.
759 823 872 879 m.)‚
908 838 1070 874 venae⁷
1123 827 1239 866 cuius
1284 826 1367 864 iam
1414 825 1569 877 saepius
1606 824 1812 868 memini,
1846 830 1890 863 et

428 906 557 947 quam
593 886 793 936 PERILL.
826 883 884 934 L.
918 884 967 935 B.
1003 901 1070 934 DE
1111 883 1319 933 HALLER
1354 901 1506 928 venam
1543 888 1678 928 cordis
1707 887 1890 928 mediam

423 965 564 996 vocat.
633 955 728 995 Hoc
765 955 991 994 minimum
1027 954 1081 993 est
1118 955 1229 993 inter
1263 966 1338 1001 ea,
1376 965 1481 1006 quae
1516 951 1721 1001 recensui,
1757 949 1894 992 maxi-

423 1032 546 1062 mum
582 1027 724 1058 autem
760 1018 869 1057 inter
904 1015 1003 1055 haec
1024 1045 1034 1064 ,
1071 1029 1175 1068 quae
1211 1026 1423 1068 praeterea
1457 1017 1607 1056 dantur
1630 1047 1640 1065 ,
1687 1026 1892 1056 venarum

425 1083 566 1125 cordis
602 1081 775 1122 orificia.
842 1078 1027 1120 Valuula
1060 1079 1101 1119 id
1139 1080 1294 1131 tegitur
1328 1078 1520 1118 similiter
1575 1092 1620 1118 ac
1672 1080 1894 1132 proprium

426 1157 558 1186 venae
591 1143 836 1184 coronariae
871 1154 1057 1194 magnae.
1128 1140 1371 1182 Commune
1407 1151 1546 1181 autem
1583 1141 1800 1181 ambarum
1821 1153 1893 1179 ve-

430 1221 580 1250 narum
617 1206 828 1247 orificium
852 1234 863 1255 ‚
908 1205 1102 1257 quamuis
1137 1204 1246 1244 haud
1284 1205 1466 1257 perfecte
1503 1214 1664 1256 tegatur
1698 1202 1893 1253 valuula,

429 1271 596 1314 defendi
632 1280 774 1311 tamen
810 1282 856 1309 ea
891 1269 1024 1321 potest
1060 1277 1207 1307 contra
1242 1267 1466 1321 regress‘um
1501 1266 1722 1319 sanguinis,
1750 1280 1896 1321 quem-

430 1335 664 1380 admodum
698 1335 743 1376 in
779 1332 1041 1387 sequentibus
1077 1331 1227 1371 dicam.

563 1465 750 1505 Valuula
786 1471 999 1503 caeterum
1035 1462 1077 1501 in
1114 1460 1324 1514 plerisque
1359 1459 1605 1514 corporibus
1643 1457 1778 1499 tenuis
1802 1459 1869 1514 ,est
1890 1489 1902 1510 ,

433 1528 639 1583 pellucida
673 1538 714 1568 et
749 1526 835 1566 visu
872 1525 1185 1578 pulcherrima3
1220 1525 1320 1576 quin
1358 1525 1499 1564 multis
1535 1524 1645 1564 haud
1672 1536 1902 1576 nunquam,

434 1602 483 1632 vt
517 1593 559 1632 in
595 1591 715 1645 ipso,
750 1590 866 1631 cuius
902 1590 1069 1629 iconem
1107 1588 1374 1641 descriptioni
1411 1588 1507 1628 huic
1554 1588 1721 1636 addidi,
1775 1587 1904 1628 corde

436 1666 632 1710 apparet,
667 1652 930 1695 foraminulis
950 1653 1139 1694 minimis
1158 1652 1212 1692 ob
1233 1654 1497 1693 teneritatem
1515 1661 1726 1706 perrupta.
1778 1650 1904 1691 Pinxi

437 1718 692 1761 foraminula
725 1718 798 1760 ista
831 1729 932 1757 vera
969 1717 1286 1770 magnitudine,
1322 1716 1414 1756 sede
1451 1725 1492 1756 et
1527 1727 1717 1756 numero.
1753 1713 1903 1754 Vnum

440 1796 495 1824 ex
530 1784 580 1824 iis
615 1781 827 1837 imprimis
864 1781 1046 1822 notabile
1082 1780 1188 1822 mihi
1241 1779 1375 1821 visum
1427 1780 1514 1828 est,
1565 1778 1738 1819 caeteris
1791 1776 1904 1831 quod

440 1847 575 1888 maius
611 1848 666 1888 est
702 1856 743 1887 ct
779 1846 819 1884 in
856 1844 945 1900 ipso
979 1844 1169 1885 valuulae
1204 1844 1336 1884 fundo
1372 1844 1512 1884 existit
1548 1840 1656 1897 (84.
1678 1839 1703 1895 ).
1755 1841 1803 1882 ln
1825 1841 1906 1880 alio

441 1920 581 1952 autem
618 1910 853 1950 crassiorem
890 1908 997 1950 hanc
1032 1908 1246 1949 valuulam
1282 1909 1448 1961 reperi,
1500 1907 1715 1960 magisque
1761 1916 1908 1946 carno-

443 1974 527 2014 sam
563 1984 606 2015 et
641 1975 728 2014 solo
763 1973 952 2026 margine
988 1973 1136 2013 mobili
1171 1982 1365 2013 extremo
1401 1981 1601 2020 tenuem,
1659 1969 1827 2022 longam
1865 1977 1908 2007 et

447 2037 659 2088 angustam
681 2067 691 2085 ,
726 2036 924 2076 lateribus
959 2036 1163 2091 parallelis
1199 2045 1240 2078 et
1275 2035 1406 2076 fundo
1441 2033 1620 2084 obtuso,
1654 2032 1698 2071 in
1734 2031 1908 2072 caeteris

448 2099 675 2154 descriptae
709 2099 932 2139 struiturae
966 2100 1155 2141 fimilem.

579 2225 659 2268 Sed
695 2227 737 2266 in
771 2225 900 2266 vnico
934 2225 1153 2266 indiuiduo
1187 2224 1386 2265 fabricam
1423 2224 1597 2265 miratus
1634 2223 1720 2264 sum
1755 2223 1797 2262 in
1818 2233 1911 2260 om-

454 2292 575 2333 nibus
611 2292 660 2334 ab
693 2303 771 2340 ea,
806 2302 934 2343 quam
968 2289 1190 2345 descripfi‚
1225 2289 1444 2332 diuersam.
1510 2288 1662 2342 Neque
1696 2286 1911 2329 munitum

1813 2355 1906 2388 verat
