<?xml version="1.0" encoding="UTF-8"?>
<!DOCTYPE html PUBLIC "-//W3C//DTD XHTML 1.0 Transitional//EN"
    "http://www.w3.org/TR/xhtml1/DTD/xhtml1-transitional.dtd">
<html xmlns="http://www.w3.org/1999/xhtml" xml:lang="en" lang="en">
 <head>
  <title>
</title>
<meta http-equiv="Content-Type" content="text/html;charset=utf-8" />
  <meta name='ocr-system' content='tesseract 3.04.00' />
  <meta name='ocr-capabilities' content='ocr_page ocr_carea ocr_par ocr_line ocrx_word'/>
</head>
<body>
  <div class='ocr_page' id='page_1' title='image "./actaacademiaesci01impe/actaacademiaesci01impe_0322.png"; bbox 0 0 2029 2750; ppageno 0'>
   <div class='ocr_carea' id='block_1_1' title="bbox 893 162 1445 222">
    <p class='ocr_par' dir='ltr' id='par_1_1' title="bbox 893 162 1445 222">
     <span class='ocr_line' id='line_1_1' title="bbox 893 162 1445 222; baseline -0.002 -7"><span class='ocrx_word' id='word_1_1' title='bbox 893 163 1009 217; x_wconf 61' lang='lat' dir='ltr'>...gs-‚g</span> <span class='ocrx_word' id='word_1_2' title='bbox 1073 163 1263 222; x_wconf 87' lang='lat'><em>)204(</em></span> <span class='ocrx_word' id='word_1_3' title='bbox 1327 162 1445 215; x_wconf 59' lang='lat'>&amp;2030-</span> 
     </span>
    </p>
   </div>
   <div class='ocr_carea' id='block_1_2' title="bbox 438 276 1909 1289">
    <p class='ocr_par' dir='ltr' id='par_1_2' title="bbox 438 276 1909 1289">
     <span class='ocr_line' id='line_1_2' title="bbox 442 276 1905 334; baseline 0.001 -16"><span class='ocrx_word' id='word_1_4' title='bbox 442 278 544 319; x_wconf 85' lang='lat' dir='ltr'>dum</span> <span class='ocrx_word' id='word_1_5' title='bbox 562 277 679 320; x_wconf 88' lang='lat' dir='ltr'>locus</span> <span class='ocrx_word' id='word_1_6' title='bbox 699 278 903 334; x_wconf 75' lang='lat' dir='ltr'>depressus</span> <span class='ocrx_word' id='word_1_7' title='bbox 922 276 983 319; x_wconf 86' lang='lat' dir='ltr'>fit.</span> <span class='ocrx_word' id='word_1_8' title='bbox 1050 278 1120 320; x_wconf 86' lang='lat' dir='ltr'>Ad</span> <span class='ocrx_word' id='word_1_9' title='bbox 1140 278 1475 333; x_wconf 86' lang='lat' dir='ltr'>profunditatem</span> <span class='ocrx_word' id='word_1_10' title='bbox 1494 278 1616 320; x_wconf 82' lang='lat' dir='ltr'>vnius</span> <span class='ocrx_word' id='word_1_11' title='bbox 1637 277 1752 332; x_wconf 83' lang='lat' dir='ltr'>pedis</span> <span class='ocrx_word' id='word_1_12' title='bbox 1772 278 1905 325; x_wconf 75' lang='lat' dir='ltr'>solum</span> 
     </span>
     <span class='ocr_line' id='line_1_3' title="bbox 443 341 1907 397; baseline 0.002 -14"><span class='ocrx_word' id='word_1_13' title='bbox 443 342 587 386; x_wconf 87' lang='lat' dir='ltr'>falsum</span> <span class='ocrx_word' id='word_1_14' title='bbox 607 344 662 384; x_wconf 91' lang='lat' dir='ltr'>est</span> <span class='ocrx_word' id='word_1_15' title='bbox 682 374 693 394; x_wconf 93' lang='lat'>,</span> <span class='ocrx_word' id='word_1_16' title='bbox 729 345 805 384; x_wconf 84' lang='lat' dir='ltr'>vix</span> <span class='ocrx_word' id='word_1_17' title='bbox 825 354 967 385; x_wconf 88' lang='lat' dir='ltr'>tamen</span> <span class='ocrx_word' id='word_1_18' title='bbox 986 356 1007 384; x_wconf 93' lang='lat' dir='ltr'>e</span> <span class='ocrx_word' id='word_1_19' title='bbox 1028 342 1132 384; x_wconf 91' lang='lat' dir='ltr'>libra</span> <span class='ocrx_word' id='word_1_20' title='bbox 1150 343 1240 397; x_wconf 90' lang='lat' dir='ltr'>plus</span> <span class='ocrx_word' id='word_1_21' title='bbox 1263 342 1418 383; x_wconf 83' lang='lat' dir='ltr'>duabus</span> <span class='ocrx_word' id='word_1_22' title='bbox 1447 342 1656 383; x_wconf 83' lang='lat' dir='ltr'>drachmis</span> <span class='ocrx_word' id='word_1_23' title='bbox 1687 341 1790 385; x_wconf 85' lang='lat' dir='ltr'>Salis</span> <span class='ocrx_word' id='word_1_24' title='bbox 1825 343 1907 386; x_wconf 83' lang='lat' dir='ltr'>lar-</span> 
     </span>
     <span class='ocr_line' id='line_1_4' title="bbox 439 406 1904 462; baseline 0.001 -15"><span class='ocrx_word' id='word_1_25' title='bbox 439 408 553 462; x_wconf 86' lang='lat' dir='ltr'>gitur</span> <span class='ocrx_word' id='word_1_26' title='bbox 572 421 583 459; x_wconf 75' lang='lat'>3</span> <span class='ocrx_word' id='word_1_27' title='bbox 610 407 868 461; x_wconf 84' lang='lat' dir='ltr'>profundior</span> <span class='ocrx_word' id='word_1_28' title='bbox 887 407 1024 447; x_wconf 90' lang='lat' dir='ltr'>minus</span> <span class='ocrx_word' id='word_1_29' title='bbox 1044 418 1088 448; x_wconf 87' lang='lat' dir='ltr'>et</span> <span class='ocrx_word' id='word_1_30' title='bbox 1107 409 1244 448; x_wconf 83' lang='lat' dir='ltr'>minus</span> <span class='ocrx_word' id='word_1_31' title='bbox 1263 406 1368 447; x_wconf 86' lang='lat' dir='ltr'>Salis</span> <span class='ocrx_word' id='word_1_32' title='bbox 1387 407 1514 449; x_wconf 89' lang='lat' dir='ltr'>habet</span> <span class='ocrx_word' id='word_1_33' title='bbox 1534 420 1545 458; x_wconf 76' lang='lat'>3</span> <span class='ocrx_word' id='word_1_34' title='bbox 1579 418 1621 448; x_wconf 90' lang='lat' dir='ltr'>et</span> <span class='ocrx_word' id='word_1_35' title='bbox 1649 408 1760 447; x_wconf 91' lang='lat' dir='ltr'>intra</span> <span class='ocrx_word' id='word_1_36' title='bbox 1788 407 1904 461; x_wconf 85' lang='lat' dir='ltr'>bipe-</span> 
     </span>
     <span class='ocr_line' id='line_1_5' title="bbox 438 470 1904 525; baseline 0.001 -15"><span class='ocrx_word' id='word_1_37' title='bbox 438 471 580 512; x_wconf 81' lang='lat' dir='ltr'>dalem</span> <span class='ocrx_word' id='word_1_38' title='bbox 599 471 934 525; x_wconf 82' lang='lat' dir='ltr'>profunditatem</span> <span class='ocrx_word' id='word_1_39' title='bbox 955 470 1060 511; x_wconf 83' lang='lat' dir='ltr'>Salis</span> <span class='ocrx_word' id='word_1_40' title='bbox 1079 472 1162 510; x_wconf 87' lang='lat' dir='ltr'>iam</span> <span class='ocrx_word' id='word_1_41' title='bbox 1184 470 1288 510; x_wconf 90' lang='lat' dir='ltr'>nihil</span> <span class='ocrx_word' id='word_1_42' title='bbox 1306 471 1419 511; x_wconf 91' lang='lat' dir='ltr'>inest.</span> <span class='ocrx_word' id='word_1_43' title='bbox 1488 470 1576 512; x_wconf 91' lang='lat' dir='ltr'>Vbi</span> <span class='ocrx_word' id='word_1_44' title='bbox 1594 471 1761 512; x_wconf 86' lang='lat' dir='ltr'>Natron</span> <span class='ocrx_word' id='word_1_45' title='bbox 1783 472 1904 521; x_wconf 85' lang='lat' dir='ltr'>adest,</span> 
     </span>
     <span class='ocr_line' id='line_1_6' title="bbox 441 532 1906 588; baseline -0.001 -13"><span class='ocrx_word' id='word_1_46' title='bbox 441 536 484 575; x_wconf 88' lang='lat' dir='ltr'>in</span> <span class='ocrx_word' id='word_1_47' title='bbox 505 535 590 588; x_wconf 89' lang='lat' dir='ltr'>ipsa</span> <span class='ocrx_word' id='word_1_48' title='bbox 607 535 707 575; x_wconf 91' lang='lat' dir='ltr'>illud</span> <span class='ocrx_word' id='word_1_49' title='bbox 728 533 943 587; x_wconf 87' lang='lat' dir='ltr'>superficie</span> <span class='ocrx_word' id='word_1_50' title='bbox 962 532 1131 583; x_wconf 74' lang='lat' dir='ltr'>haeret3</span> <span class='ocrx_word' id='word_1_51' title='bbox 1166 533 1273 572; x_wconf 87' lang='lat' dir='ltr'>infra</span> <span class='ocrx_word' id='word_1_52' title='bbox 1291 532 1360 573; x_wconf 84' lang='lat' dir='ltr'>Sal</span> <span class='ocrx_word' id='word_1_53' title='bbox 1380 536 1625 575; x_wconf 85' lang='lat' dir='ltr'>muriaticus</span> <span class='ocrx_word' id='word_1_54' title='bbox 1643 535 1710 575; x_wconf 89' lang='lat' dir='ltr'>est.</span> <span class='ocrx_word' id='word_1_55' title='bbox 1748 534 1840 575; x_wconf 84' lang='lat' dir='ltr'>Post</span> <span class='ocrx_word' id='word_1_56' title='bbox 1864 538 1906 584; x_wconf 58' lang='lat'>1}</span> 
     </span>
     <span class='ocr_line' id='line_1_7' title="bbox 442 595 1905 652; baseline 0.001 -13"><span class='ocrx_word' id='word_1_57' title='bbox 442 599 512 639; x_wconf 74' lang='lat' dir='ltr'>vel</span> <span class='ocrx_word' id='word_1_58' title='bbox 534 612 558 637; x_wconf 87' lang='lat'><em>2</em></span> <span class='ocrx_word' id='word_1_59' title='bbox 579 598 735 652; x_wconf 87' lang='lat' dir='ltr'>pedum</span> <span class='ocrx_word' id='word_1_60' title='bbox 756 597 942 642; x_wconf 87' lang='lat' dir='ltr'>stratum,</span> <span class='ocrx_word' id='word_1_61' title='bbox 972 595 1160 647; x_wconf 89' lang='lat' dir='ltr'>sequirur</span> <span class='ocrx_word' id='word_1_62' title='bbox 1178 597 1316 649; x_wconf 84' lang='lat' dir='ltr'>glarea</span> <span class='ocrx_word' id='word_1_63' title='bbox 1338 597 1482 649; x_wconf 84' lang='lat' dir='ltr'>argilla</span> <span class='ocrx_word' id='word_1_64' title='bbox 1500 598 1661 647; x_wconf 61' lang='lat' dir='ltr'>infesta,</span> <span class='ocrx_word' id='word_1_65' title='bbox 1682 601 1905 652; x_wconf 85' lang='lat' dir='ltr'>mixtaque</span> 
     </span>
     <span class='ocr_line' id='line_1_8' title="bbox 444 656 1904 715; baseline 0 -13"><span class='ocrx_word' id='word_1_66' title='bbox 444 662 514 702; x_wconf 80' lang='lat' dir='ltr'>vel</span> <span class='ocrx_word' id='word_1_67' title='bbox 541 660 691 713; x_wconf 90' lang='lat' dir='ltr'>lapillis</span> <span class='ocrx_word' id='word_1_68' title='bbox 712 689 723 709; x_wconf 87' lang='lat'>‚</span> <span class='ocrx_word' id='word_1_69' title='bbox 758 658 828 698; x_wconf 78' lang='lat' dir='ltr'>vel</span> <span class='ocrx_word' id='word_1_70' title='bbox 863 657 876 713; x_wconf 92' lang='lat'><strong>(</strong></span> <span class='ocrx_word' id='word_1_71' title='bbox 897 659 940 697; x_wconf 91' lang='lat' dir='ltr'>in</span> <span class='ocrx_word' id='word_1_72' title='bbox 960 657 1126 698; x_wconf 87' lang='lat' dir='ltr'>deserto</span> <span class='ocrx_word' id='word_1_73' title='bbox 1150 656 1335 712; x_wconf 87' lang='lat' dir='ltr'>Caspio)</span> <span class='ocrx_word' id='word_1_74' title='bbox 1357 659 1613 700; x_wconf 84' lang='lat' dir='ltr'>concharum</span> <span class='ocrx_word' id='word_1_75' title='bbox 1632 661 1872 714; x_wconf 80' lang='lat' dir='ltr'>fragmentis</span> <span class='ocrx_word' id='word_1_76' title='bbox 1893 677 1904 715; x_wconf 71' lang='lat'>3</span> 
     </span>
     <span class='ocr_line' id='line_1_9' title="bbox 440 723 1905 778; baseline 0 -13"><span class='ocrx_word' id='word_1_77' title='bbox 440 734 482 765; x_wconf 92' lang='lat' dir='ltr'>et</span> <span class='ocrx_word' id='word_1_78' title='bbox 499 724 685 778; x_wconf 83' lang='lat' dir='ltr'>glaream</span> <span class='ocrx_word' id='word_1_79' title='bbox 712 723 853 763; x_wconf 91' lang='lat' dir='ltr'>denuo</span> <span class='ocrx_word' id='word_1_80' title='bbox 885 723 1047 776; x_wconf 83' lang='lat' dir='ltr'>excipit</span> <span class='ocrx_word' id='word_1_81' title='bbox 1082 723 1228 776; x_wconf 86' lang='lat' dir='ltr'>argilla</span> <span class='ocrx_word' id='word_1_82' title='bbox 1265 723 1335 764; x_wconf 65' lang='lat' dir='ltr'>vel</span> <span class='ocrx_word' id='word_1_83' title='bbox 1367 725 1516 776; x_wconf 88' lang='lat' dir='ltr'>purior</span> <span class='ocrx_word' id='word_1_84' title='bbox 1535 754 1546 768; x_wconf 78' lang='grc'>,</span> <span class='ocrx_word' id='word_1_85' title='bbox 1580 725 1652 764; x_wconf 80' lang='lat' dir='ltr'>vel</span> <span class='ocrx_word' id='word_1_86' title='bbox 1691 726 1905 776; x_wconf 74' lang='lat' dir='ltr'>calcar-ea,</span> 
     </span>
     <span class='ocr_line' id='line_1_10' title="bbox 440 786 1907 843; baseline 0.001 -14"><span class='ocrx_word' id='word_1_87' title='bbox 440 801 567 843; x_wconf 90' lang='lat' dir='ltr'>quam</span> <span class='ocrx_word' id='word_1_88' title='bbox 597 787 821 841; x_wconf 80' lang='lat' dir='ltr'>perfodere</span> <span class='ocrx_word' id='word_1_89' title='bbox 854 799 940 826; x_wconf 59' lang='lat' dir='ltr'>,non</span> <span class='ocrx_word' id='word_1_90' title='bbox 977 787 1114 840; x_wconf 87' lang='lat' dir='ltr'>potui.</span> <span class='ocrx_word' id='word_1_91' title='bbox 1182 786 1373 827; x_wconf 88' lang='lat' dir='ltr'>Stratum</span> <span class='ocrx_word' id='word_1_92' title='bbox 1392 787 1624 840; x_wconf 75' lang='lat' dir='ltr'>glareosum</span> <span class='ocrx_word' id='word_1_93' title='bbox 1645 818 1657 838; x_wconf 83' lang='lat'>,</span> <span class='ocrx_word' id='word_1_94' title='bbox 1692 788 1764 828; x_wconf 77' lang='lat' dir='ltr'>nisi</span> <span class='ocrx_word' id='word_1_95' title='bbox 1784 789 1826 828; x_wconf 87' lang='lat' dir='ltr'>in</span> <span class='ocrx_word' id='word_1_96' title='bbox 1847 788 1907 831; x_wconf 86' lang='lat' dir='ltr'>la·</span> 
     </span>
     <span class='ocr_line' id='line_1_11' title="bbox 440 850 1905 905; baseline 0 -11"><span class='ocrx_word' id='word_1_97' title='bbox 440 852 557 894; x_wconf 89' lang='lat' dir='ltr'>cunis</span> <span class='ocrx_word' id='word_1_98' title='bbox 578 851 682 892; x_wconf 72' lang='lat' dir='ltr'>ialfis</span> <span class='ocrx_word' id='word_1_99' title='bbox 712 852 821 892; x_wconf 85' lang='lat' dir='ltr'>circa</span> <span class='ocrx_word' id='word_1_100' title='bbox 854 850 1090 891; x_wconf 89' lang='lat' dir='ltr'>Tobolium</span> <span class='ocrx_word' id='word_1_101' title='bbox 1113 880 1124 900; x_wconf 89' lang='lat'>‚</span> <span class='ocrx_word' id='word_1_102' title='bbox 1160 864 1267 904; x_wconf 84' lang='lat' dir='ltr'>quae</span> <span class='ocrx_word' id='word_1_103' title='bbox 1302 850 1490 904; x_wconf 79' lang='lat' dir='ltr'>argillam</span> <span class='ocrx_word' id='word_1_104' title='bbox 1526 851 1662 893; x_wconf 87' lang='lat' dir='ltr'>albam</span> <span class='ocrx_word' id='word_1_105' title='bbox 1697 851 1905 905; x_wconf 88' lang='lat' dir='ltr'>profunde</span> 
     </span>
     <span class='ocr_line' id='line_1_12' title="bbox 440 914 1908 970; baseline -0.001 -13"><span class='ocrx_word' id='word_1_106' title='bbox 440 916 681 957; x_wconf 87' lang='lat' dir='ltr'>substratam</span> <span class='ocrx_word' id='word_1_107' title='bbox 704 915 858 956; x_wconf 84' lang='lat' dir='ltr'>habent</span> <span class='ocrx_word' id='word_1_108' title='bbox 878 945 888 964; x_wconf 85' lang='lat'>,</span> <span class='ocrx_word' id='word_1_109' title='bbox 924 927 1131 967; x_wconf 83' lang='lat' dir='ltr'>nusquam</span> <span class='ocrx_word' id='word_1_110' title='bbox 1150 915 1258 957; x_wconf 86' lang='lat' dir='ltr'>abest</span> <span class='ocrx_word' id='word_1_111' title='bbox 1281 914 1500 957; x_wconf 86' lang='lat' dir='ltr'>Interdum</span> <span class='ocrx_word' id='word_1_112' title='bbox 1528 915 1692 970; x_wconf 84' lang='lat' dir='ltr'>gypseis</span> <span class='ocrx_word' id='word_1_113' title='bbox 1719 916 1908 970; x_wconf 87' lang='lat' dir='ltr'>particu-</span> 
     </span>
     <span class='ocr_line' id='line_1_13' title="bbox 439 978 1909 1034; baseline -0.001 -13"><span class='ocrx_word' id='word_1_114' title='bbox 439 980 489 1021; x_wconf 78' lang='lat' dir='ltr'>lis</span> <span class='ocrx_word' id='word_1_115' title='bbox 508 1010 520 1030; x_wconf 91' lang='lat'>,</span> <span class='ocrx_word' id='word_1_116' title='bbox 554 989 723 1034; x_wconf 85' lang='lat' dir='ltr'>praeter</span> <span class='ocrx_word' id='word_1_117' title='bbox 739 978 927 1032; x_wconf 81' lang='lat' dir='ltr'>argillam</span> <span class='ocrx_word' id='word_1_118' title='bbox 947 978 1145 1019; x_wconf 88' lang='lat' dir='ltr'>miscetur</span> <span class='ocrx_word' id='word_1_119' title='bbox 1164 991 1175 1029; x_wconf 88' lang='lat'>;</span> <span class='ocrx_word' id='word_1_120' title='bbox 1211 979 1324 1031; x_wconf 91' lang='lat' dir='ltr'>quod</span> <span class='ocrx_word' id='word_1_121' title='bbox 1360 979 1604 1032; x_wconf 82' lang='lat' dir='ltr'>praesertim</span> <span class='ocrx_word' id='word_1_122' title='bbox 1633 981 1677 1020; x_wconf 90' lang='lat' dir='ltr'>in</span> <span class='ocrx_word' id='word_1_123' title='bbox 1712 980 1801 1020; x_wconf 93' lang='lat' dir='ltr'>solo</span> <span class='ocrx_word' id='word_1_124' title='bbox 1835 992 1909 1021; x_wconf 83' lang='lat' dir='ltr'>na—</span> 
     </span>
     <span class='ocr_line' id='line_1_14' title="bbox 439 1040 1904 1098; baseline 0.001 -14"><span class='ocrx_word' id='word_1_125' title='bbox 439 1043 554 1085; x_wconf 84' lang='lat' dir='ltr'>troso</span> <span class='ocrx_word' id='word_1_126' title='bbox 573 1043 622 1084; x_wconf 90' lang='lat' dir='ltr'>ad</span> <span class='ocrx_word' id='word_1_127' title='bbox 641 1055 794 1097; x_wconf 86' lang='lat' dir='ltr'>pagum</span> <span class='ocrx_word' id='word_1_128' title='bbox 814 1040 981 1096; x_wconf 77' lang='lat' dir='ltr'>Ptischie</span> <span class='ocrx_word' id='word_1_129' title='bbox 999 1040 1058 1097; x_wconf 86' lang='lat'>(§.</span> <span class='ocrx_word' id='word_1_130' title='bbox 1080 1045 1119 1080; x_wconf 90' lang='grc'>6.</span> <span class='ocrx_word' id='word_1_131' title='bbox 1135 1040 1150 1095; x_wconf 83' lang='grc'>)</span> <span class='ocrx_word' id='word_1_132' title='bbox 1168 1042 1256 1082; x_wconf 86' lang='lat' dir='ltr'>vidi</span> <span class='ocrx_word' id='word_1_133' title='bbox 1273 1054 1285 1092; x_wconf 77' lang='lat'>3</span> <span class='ocrx_word' id='word_1_134' title='bbox 1321 1043 1368 1081; x_wconf 86' lang='lat' dir='ltr'>ad</span> <span class='ocrx_word' id='word_1_135' title='bbox 1398 1042 1562 1084; x_wconf 83' lang='lat' dir='ltr'>Allakul</span> <span class='ocrx_word' id='word_1_136' title='bbox 1577 1042 1590 1096; x_wconf 89' lang='lat'>(</span> <span class='ocrx_word' id='word_1_137' title='bbox 1604 1046 1639 1093; x_wconf 66' lang='grc' dir='ltr'>ξ.</span> <span class='ocrx_word' id='word_1_138' title='bbox 1659 1040 1726 1098; x_wconf 90' lang='lat'>6.)</span> <span class='ocrx_word' id='word_1_139' title='bbox 1747 1053 1904 1098; x_wconf 78' lang='lat' dir='ltr'>autem,</span> 
     </span>
     <span class='ocr_line' id='line_1_15' title="bbox 439 1105 1908 1162; baseline 0.001 -15"><span class='ocrx_word' id='word_1_140' title='bbox 439 1108 818 1162; x_wconf 86' lang='lat' dir='ltr'>pauperioremque</span> <span class='ocrx_word' id='word_1_141' title='bbox 836 1105 974 1146; x_wconf 86' lang='lat' dir='ltr'>lacum</span> <span class='ocrx_word' id='word_1_142' title='bbox 1002 1118 1193 1146; x_wconf 88' lang='lat' dir='ltr'>amarum</span> <span class='ocrx_word' id='word_1_143' title='bbox 1227 1105 1335 1146; x_wconf 81' lang='lat' dir='ltr'>larle</span> <span class='ocrx_word' id='word_1_144' title='bbox 1368 1106 1525 1146; x_wconf 65' lang='lat' dir='ltr'>dictum</span> <span class='ocrx_word' id='word_1_145' title='bbox 1545 1135 1556 1155; x_wconf 87' lang='lat'><strong><em>‚</em></strong></span> <span class='ocrx_word' id='word_1_146' title='bbox 1595 1120 1718 1148; x_wconf 83' lang='lat' dir='ltr'>arena</span> <span class='ocrx_word' id='word_1_147' title='bbox 1750 1107 1908 1161; x_wconf 72' lang='lat' dir='ltr'>vbique</span> 
     </span>
     <span class='ocr_line' id='line_1_16' title="bbox 440 1168 1905 1224; baseline 0.001 -14"><span class='ocrx_word' id='word_1_148' title='bbox 440 1169 604 1211; x_wconf 88' lang='lat' dir='ltr'>micnlis</span> <span class='ocrx_word' id='word_1_149' title='bbox 623 1169 843 1210; x_wconf 88' lang='lat' dir='ltr'>seleniticis</span> <span class='ocrx_word' id='word_1_150' title='bbox 861 1168 1029 1222; x_wconf 89' lang='lat' dir='ltr'>copiose</span> <span class='ocrx_word' id='word_1_151' title='bbox 1048 1169 1183 1209; x_wconf 86' lang='lat' dir='ltr'>mixta</span> <span class='ocrx_word' id='word_1_152' title='bbox 1201 1169 1284 1209; x_wconf 88' lang='lat' dir='ltr'>fuit</span> <span class='ocrx_word' id='word_1_153' title='bbox 1303 1199 1315 1217; x_wconf 91' lang='lat'>,</span> <span class='ocrx_word' id='word_1_154' title='bbox 1349 1169 1408 1209; x_wconf 88' lang='lat' dir='ltr'>ita</span> <span class='ocrx_word' id='word_1_155' title='bbox 1433 1180 1480 1210; x_wconf 82' lang='lat' dir='ltr'>vt</span> <span class='ocrx_word' id='word_1_156' title='bbox 1503 1170 1674 1211; x_wconf 82' lang='lat' dir='ltr'>tertiam</span> <span class='ocrx_word' id='word_1_157' title='bbox 1691 1170 1760 1211; x_wconf 85' lang='lat' dir='ltr'>vel</span> <span class='ocrx_word' id='word_1_158' title='bbox 1777 1183 1905 1224; x_wconf 81' lang='lat' dir='ltr'>quat-</span> 
     </span>
     <span class='ocr_line' id='line_1_17' title="bbox 440 1231 1449 1289; baseline -0.003 -14"><span class='ocrx_word' id='word_1_159' title='bbox 440 1244 529 1274; x_wconf 86' lang='lat' dir='ltr'>tam</span> <span class='ocrx_word' id='word_1_160' title='bbox 547 1240 714 1289; x_wconf 86' lang='lat' dir='ltr'>partem</span> <span class='ocrx_word' id='word_1_161' title='bbox 732 1231 937 1275; x_wconf 83' lang='lat' dir='ltr'>Selenites</span> <span class='ocrx_word' id='word_1_162' title='bbox 957 1232 1205 1273; x_wconf 88' lang='lat' dir='ltr'>constituere</span> <span class='ocrx_word' id='word_1_163' title='bbox 1222 1232 1449 1278; x_wconf 86' lang='lat' dir='ltr'>videretur.</span> 
     </span>
    </p>
   </div>
   <div class='ocr_carea' id='block_1_3' title="bbox 442 1361 1912 2432">
    <p class='ocr_par' dir='ltr' id='par_1_3' title="bbox 442 1361 1911 2362">
     <span class='ocr_line' id='line_1_18' title="bbox 570 1361 1905 1416; baseline 0 -12"><span class='ocrx_word' id='word_1_164' title='bbox 570 1365 604 1415; x_wconf 84' lang='lat'>§.</span> <span class='ocrx_word' id='word_1_165' title='bbox 641 1377 686 1414; x_wconf 88' lang='lat'>9.</span> <span class='ocrx_word' id='word_1_166' title='bbox 754 1361 994 1405; x_wconf 88' lang='lat' dir='ltr'>Secundum</span> <span class='ocrx_word' id='word_1_167' title='bbox 1029 1362 1195 1406; x_wconf 77' lang='lat' dir='ltr'>varium</span> <span class='ocrx_word' id='word_1_168' title='bbox 1230 1361 1426 1416; x_wconf 88' lang='lat' dir='ltr'>puritatis</span> <span class='ocrx_word' id='word_1_169' title='bbox 1460 1362 1635 1415; x_wconf 86' lang='lat' dir='ltr'>gradum</span> <span class='ocrx_word' id='word_1_170' title='bbox 1655 1391 1667 1411; x_wconf 90' lang='lat'>‚</span> <span class='ocrx_word' id='word_1_171' title='bbox 1711 1361 1905 1404; x_wconf 88' lang='lat' dir='ltr'>locorum</span> 
     </span>
     <span class='ocr_line' id='line_1_19' title="bbox 442 1426 1907 1482; baseline -0.001 -13"><span class='ocrx_word' id='word_1_172' title='bbox 442 1429 590 1482; x_wconf 88' lang='lat' dir='ltr'>quibus</span> <span class='ocrx_word' id='word_1_173' title='bbox 630 1427 854 1469; x_wconf 89' lang='lat' dir='ltr'>efflorescit</span> <span class='ocrx_word' id='word_1_174' title='bbox 872 1458 883 1477; x_wconf 85' lang='lat'>,</span> <span class='ocrx_word' id='word_1_175' title='bbox 919 1427 1301 1480; x_wconf 88' lang='lat' dir='ltr'>scaturiginumque</span> <span class='ocrx_word' id='word_1_176' title='bbox 1336 1436 1529 1467; x_wconf 84' lang='lat' dir='ltr'>naturam</span> <span class='ocrx_word' id='word_1_177' title='bbox 1565 1435 1607 1466; x_wconf 90' lang='lat' dir='ltr'>et</span> <span class='ocrx_word' id='word_1_178' title='bbox 1642 1426 1907 1480; x_wconf 81' lang='lat' dir='ltr'>tempestates</span> 
     </span>
     <span class='ocr_line' id='line_1_20' title="bbox 445 1489 1907 1544; baseline 0 -12"><span class='ocrx_word' id='word_1_179' title='bbox 445 1493 555 1533; x_wconf 88' lang='lat' dir='ltr'>coeli</span> <span class='ocrx_word' id='word_1_180' title='bbox 575 1522 588 1541; x_wconf 79' lang='lat'>,</span> <span class='ocrx_word' id='word_1_181' title='bbox 620 1492 735 1532; x_wconf 83' lang='lat' dir='ltr'>varia</span> <span class='ocrx_word' id='word_1_182' title='bbox 753 1490 823 1531; x_wconf 89' lang='lat' dir='ltr'>sub</span> <span class='ocrx_word' id='word_1_183' title='bbox 840 1490 979 1531; x_wconf 87' lang='lat' dir='ltr'>forma</span> <span class='ocrx_word' id='word_1_184' title='bbox 995 1491 1182 1531; x_wconf 88' lang='lat' dir='ltr'>occurrit</span> <span class='ocrx_word' id='word_1_185' title='bbox 1199 1489 1390 1530; x_wconf 90' lang='lat' dir='ltr'>Natron:</span> <span class='ocrx_word' id='word_1_186' title='bbox 1425 1491 1559 1531; x_wconf 89' lang='lat' dir='ltr'>modo</span> <span class='ocrx_word' id='word_1_187' title='bbox 1574 1490 1751 1544; x_wconf 87' lang='lat' dir='ltr'>pruinae</span> <span class='ocrx_word' id='word_1_188' title='bbox 1769 1490 1907 1540; x_wconf 80' lang='lat' dir='ltr'>instar,</span> 
     </span>
     <span class='ocr_line' id='line_1_21' title="bbox 443 1552 1910 1612; baseline -0.001 -17"><span class='ocrx_word' id='word_1_189' title='bbox 443 1555 691 1612; x_wconf 88' lang='lat' dir='ltr'>praesertim</span> <span class='ocrx_word' id='word_1_190' title='bbox 712 1555 753 1594; x_wconf 91' lang='lat' dir='ltr'>in</span> <span class='ocrx_word' id='word_1_191' title='bbox 773 1554 958 1595; x_wconf 85' lang='lat' dir='ltr'>humofis</span> <span class='ocrx_word' id='word_1_192' title='bbox 976 1554 1079 1594; x_wconf 91' lang='lat' dir='ltr'>locis</span> <span class='ocrx_word' id='word_1_193' title='bbox 1100 1566 1113 1605; x_wconf 85' lang='grc'>·,</span> <span class='ocrx_word' id='word_1_194' title='bbox 1146 1554 1278 1594; x_wconf 91' lang='lat' dir='ltr'>modo</span> <span class='ocrx_word' id='word_1_195' title='bbox 1295 1555 1407 1597; x_wconf 23' lang='lat' dir='ltr'>niuis&lt;</span> <span class='ocrx_word' id='word_1_196' title='bbox 1429 1554 1553 1596; x_wconf 88' lang='lat' dir='ltr'>instar</span> <span class='ocrx_word' id='word_1_197' title='bbox 1586 1553 1819 1596; x_wconf 84' lang='lat' dir='ltr'>leuidensae</span> <span class='ocrx_word' id='word_1_198' title='bbox 1851 1552 1910 1596; x_wconf 84' lang='lat' dir='ltr'>ef-</span> 
     </span>
     <span class='ocr_line' id='line_1_22' title="bbox 446 1617 1907 1672; baseline -0.001 -12"><span class='ocrx_word' id='word_1_199' title='bbox 446 1617 692 1670; x_wconf 74' lang='lat' dir='ltr'>florescen53</span> <span class='ocrx_word' id='word_1_200' title='bbox 719 1619 966 1672; x_wconf 87' lang='lat' dir='ltr'>plerumque</span> <span class='ocrx_word' id='word_1_201' title='bbox 984 1619 1028 1658; x_wconf 88' lang='lat' dir='ltr'>in</span> <span class='ocrx_word' id='word_1_202' title='bbox 1047 1617 1183 1658; x_wconf 85' lang='lat' dir='ltr'>forma</span> <span class='ocrx_word' id='word_1_203' title='bbox 1203 1618 1386 1671; x_wconf 88' lang='lat' dir='ltr'>pulueris</span> <span class='ocrx_word' id='word_1_204' title='bbox 1403 1619 1649 1672; x_wconf 85' lang='lat' dir='ltr'>impurioris</span> <span class='ocrx_word' id='word_1_205' title='bbox 1666 1618 1734 1659; x_wconf 88' lang='lat' dir='ltr'>vel</span> <span class='ocrx_word' id='word_1_206' title='bbox 1753 1619 1794 1658; x_wconf 90' lang='lat' dir='ltr'>in</span> <span class='ocrx_word' id='word_1_207' title='bbox 1814 1630 1907 1659; x_wconf 91' lang='lat' dir='ltr'>mo·-</span> 
     </span>
     <span class='ocr_line' id='line_1_23' title="bbox 444 1681 1909 1736; baseline 0 -13"><span class='ocrx_word' id='word_1_208' title='bbox 444 1682 598 1724; x_wconf 86' lang='lat' dir='ltr'>lecuIas</span> <span class='ocrx_word' id='word_1_209' title='bbox 618 1683 773 1731; x_wconf 68' lang='lat' dir='ltr'>coacti,</span> <span class='ocrx_word' id='word_1_210' title='bbox 814 1695 900 1735; x_wconf 92' lang='lat' dir='ltr'>quo</span> <span class='ocrx_word' id='word_1_211' title='bbox 918 1692 1030 1722; x_wconf 86' lang='lat' dir='ltr'>terra</span> <span class='ocrx_word' id='word_1_212' title='bbox 1046 1696 1069 1721; x_wconf 92' lang='lat' dir='ltr'>a</span> <span class='ocrx_word' id='word_1_213' title='bbox 1086 1682 1205 1735; x_wconf 86' lang='lat' dir='ltr'>digiti</span> <span class='ocrx_word' id='word_1_214' title='bbox 1225 1682 1275 1722; x_wconf 84' lang='lat' dir='ltr'>ad</span> <span class='ocrx_word' id='word_1_215' title='bbox 1297 1683 1479 1723; x_wconf 91' lang='lat' dir='ltr'>duorum</span> <span class='ocrx_word' id='word_1_216' title='bbox 1498 1683 1700 1736; x_wconf 89' lang='lat' dir='ltr'>pollicum</span> <span class='ocrx_word' id='word_1_217' title='bbox 1721 1681 1909 1723; x_wconf 78' lang='lat' dir='ltr'>altitudi-</span> 
     </span>
     <span class='ocr_line' id='line_1_24' title="bbox 445 1744 1908 1800; baseline -0.003 -13"><span class='ocrx_word' id='word_1_218' title='bbox 445 1759 544 1792; x_wconf 82' lang='lat' dir='ltr'>nem</span> <span class='ocrx_word' id='word_1_219' title='bbox 564 1747 753 1800; x_wconf 87' lang='lat' dir='ltr'>tegitur;</span> <span class='ocrx_word' id='word_1_220' title='bbox 785 1747 875 1799; x_wconf 87' lang='lat' dir='ltr'>post</span> <span class='ocrx_word' id='word_1_221' title='bbox 892 1745 1054 1800; x_wconf 87' lang='lat' dir='ltr'>pluuias</span> <span class='ocrx_word' id='word_1_222' title='bbox 1082 1745 1298 1786; x_wconf 90' lang='lat' dir='ltr'>interdum</span> <span class='ocrx_word' id='word_1_223' title='bbox 1325 1745 1606 1797; x_wconf 85' lang='lat' dir='ltr'>crystallinam</span> <span class='ocrx_word' id='word_1_224' title='bbox 1634 1745 1816 1787; x_wconf 84' lang='lat' dir='ltr'>sormam</span> <span class='ocrx_word' id='word_1_225' title='bbox 1845 1744 1908 1784; x_wconf 88' lang='lat' dir='ltr'>in-</span> 
     </span>
     <span class='ocr_line' id='line_1_25' title="bbox 445 1807 1910 1863; baseline -0.002 -12"><span class='ocrx_word' id='word_1_226' title='bbox 445 1811 551 1851; x_wconf 79' lang='lat' dir='ltr'>duit.</span> <span class='ocrx_word' id='word_1_227' title='bbox 618 1809 664 1851; x_wconf 88' lang='lat' dir='ltr'>Si</span> <span class='ocrx_word' id='word_1_228' title='bbox 682 1810 835 1851; x_wconf 87' lang='lat' dir='ltr'>maiori</span> <span class='ocrx_word' id='word_1_229' title='bbox 855 1810 1084 1863; x_wconf 87' lang='lat' dir='ltr'>quantitati</span> <span class='ocrx_word' id='word_1_230' title='bbox 1101 1807 1205 1850; x_wconf 86' lang='lat' dir='ltr'>Salis</span> <span class='ocrx_word' id='word_1_231' title='bbox 1225 1810 1438 1850; x_wconf 85' lang='lat' dir='ltr'>muriatici</span> <span class='ocrx_word' id='word_1_232' title='bbox 1464 1809 1534 1849; x_wconf 87' lang='lat' dir='ltr'>vel</span> <span class='ocrx_word' id='word_1_233' title='bbox 1560 1808 1763 1849; x_wconf 84' lang='lat' dir='ltr'>mirabilis</span> <span class='ocrx_word' id='word_1_234' title='bbox 1797 1807 1910 1848; x_wconf 82' lang='lat' dir='ltr'>mix-</span> 
     </span>
     <span class='ocr_line' id='line_1_26' title="bbox 446 1872 1911 1926; baseline -0.002 -11"><span class='ocrx_word' id='word_1_235' title='bbox 446 1885 538 1915; x_wconf 85' lang='lat' dir='ltr'>tum</span> <span class='ocrx_word' id='word_1_236' title='bbox 558 1875 612 1915; x_wconf 88' lang='lat' dir='ltr'>est</span> <span class='ocrx_word' id='word_1_237' title='bbox 633 1904 646 1924; x_wconf 83' lang='lat'>,</span> <span class='ocrx_word' id='word_1_238' title='bbox 680 1885 772 1915; x_wconf 83' lang='lat' dir='ltr'>tum</span> <span class='ocrx_word' id='word_1_239' title='bbox 792 1875 862 1915; x_wconf 89' lang='lat' dir='ltr'>vel</span> <span class='ocrx_word' id='word_1_240' title='bbox 879 1874 1024 1914; x_wconf 90' lang='lat' dir='ltr'>eadem</span> <span class='ocrx_word' id='word_1_241' title='bbox 1044 1904 1057 1922; x_wconf 84' lang='lat'>‚</span> <span class='ocrx_word' id='word_1_242' title='bbox 1090 1873 1159 1914; x_wconf 86' lang='lat' dir='ltr'>vel</span> <span class='ocrx_word' id='word_1_243' title='bbox 1177 1873 1331 1926; x_wconf 89' lang='lat' dir='ltr'>saepius</span> <span class='ocrx_word' id='word_1_244' title='bbox 1353 1873 1590 1925; x_wconf 86' lang='lat' dir='ltr'>crystallina</span> <span class='ocrx_word' id='word_1_245' title='bbox 1606 1872 1757 1922; x_wconf 86' lang='lat' dir='ltr'>forma,</span> <span class='ocrx_word' id='word_1_246' title='bbox 1791 1883 1911 1925; x_wconf 80' lang='lat' dir='ltr'>prae·</span> 
     </span>
     <span class='ocr_line' id='line_1_27' title="bbox 444 1936 1906 1991; baseline -0.001 -14"><span class='ocrx_word' id='word_1_247' title='bbox 444 1937 589 1978; x_wconf 86' lang='lat' dir='ltr'>sertim</span> <span class='ocrx_word' id='word_1_248' title='bbox 609 1939 652 1977; x_wconf 89' lang='lat' dir='ltr'>in</span> <span class='ocrx_word' id='word_1_249' title='bbox 669 1939 770 1991; x_wconf 87' lang='lat' dir='ltr'>ripis</span> <span class='ocrx_word' id='word_1_250' title='bbox 789 1938 954 1979; x_wconf 86' lang='lat' dir='ltr'>lacuum</span> <span class='ocrx_word' id='word_1_251' title='bbox 975 1947 1104 1991; x_wconf 76' lang='lat' dir='ltr'>atque.</span> <span class='ocrx_word' id='word_1_252' title='bbox 1126 1937 1285 1978; x_wconf 87' lang='lat' dir='ltr'>lacunis</span> <span class='ocrx_word' id='word_1_253' title='bbox 1313 1937 1663 1990; x_wconf 86' lang='lat' dir='ltr'>profundioribus</span> <span class='ocrx_word' id='word_1_254' title='bbox 1687 1936 1906 1989; x_wconf 87' lang='lat' dir='ltr'>reperitur.</span> 
     </span>
     <span class='ocr_line' id='line_1_28' title="bbox 447 1998 1908 2054; baseline -0.003 -12"><span class='ocrx_word' id='word_1_255' title='bbox 447 1999 594 2053; x_wconf 88' lang='lat' dir='ltr'>Quum</span> <span class='ocrx_word' id='word_1_256' title='bbox 616 2012 763 2041; x_wconf 81' lang='lat' dir='ltr'>natura</span> <span class='ocrx_word' id='word_1_257' title='bbox 781 2002 847 2042; x_wconf 90' lang='lat' dir='ltr'>sua</span> <span class='ocrx_word' id='word_1_258' title='bbox 864 2000 1034 2043; x_wconf 86' lang='lat' dir='ltr'>Natron</span> <span class='ocrx_word' id='word_1_259' title='bbox 1055 2002 1140 2043; x_wconf 84' lang='lat' dir='ltr'>a‘e’ri</span> <span class='ocrx_word' id='word_1_260' title='bbox 1159 2001 1399 2054; x_wconf 76' lang='lat' dir='ltr'>expositum</span> <span class='ocrx_word' id='word_1_261' title='bbox 1416 2001 1458 2040; x_wconf 90' lang='lat' dir='ltr'>in</span> <span class='ocrx_word' id='word_1_262' title='bbox 1478 2000 1696 2054; x_wconf 85' lang='lat' dir='ltr'>puluerem</span> <span class='ocrx_word' id='word_1_263' title='bbox 1715 1998 1876 2039; x_wconf 78' lang='lat' dir='ltr'>fatiscat</span> <span class='ocrx_word' id='word_1_264' title='bbox 1896 2028 1908 2047; x_wconf 89' lang='lat'>,</span> 
     </span>
     <span class='ocr_line' id='line_1_29' title="bbox 445 2063 1908 2117; baseline -0.002 -13"><span class='ocrx_word' id='word_1_265' title='bbox 445 2075 534 2104; x_wconf 82' lang='lat' dir='ltr'>non</span> <span class='ocrx_word' id='word_1_266' title='bbox 553 2063 636 2103; x_wconf 86' lang='lat' dir='ltr'>fine</span> <span class='ocrx_word' id='word_1_267' title='bbox 655 2065 970 2116; x_wconf 85' lang='lat' dir='ltr'>impuritatibus</span> <span class='ocrx_word' id='word_1_268' title='bbox 986 2077 1032 2106; x_wconf 89' lang='lat' dir='ltr'>et</span> <span class='ocrx_word' id='word_1_269' title='bbox 1050 2075 1188 2106; x_wconf 84' lang='lat' dir='ltr'>terrae</span> <span class='ocrx_word' id='word_1_270' title='bbox 1205 2066 1395 2106; x_wconf 86' lang='lat' dir='ltr'>mixtura</span> <span class='ocrx_word' id='word_1_271' title='bbox 1412 2064 1552 2117; x_wconf 88' lang='lat' dir='ltr'>colligi</span> <span class='ocrx_word' id='word_1_272' title='bbox 1580 2063 1716 2116; x_wconf 80' lang='lat' dir='ltr'>potest</span> <span class='ocrx_word' id='word_1_273' title='bbox 1734 2092 1745 2111; x_wconf 86' lang='lat'>,</span> <span class='ocrx_word' id='word_1_274' title='bbox 1780 2074 1908 2114; x_wconf 85' lang='lat' dir='ltr'>qua-m</span> 
     </span>
     <span class='ocr_line' id='line_1_30' title="bbox 448 2127 1909 2180; baseline -0.001 -13"><span class='ocrx_word' id='word_1_275' title='bbox 448 2127 575 2168; x_wconf 84' lang='lat' dir='ltr'>etiam</span> <span class='ocrx_word' id='word_1_276' title='bbox 595 2128 933 2180; x_wconf 83' lang='lat' dir='ltr'>inquinationem</span> <span class='ocrx_word' id='word_1_277' title='bbox 953 2127 1121 2180; x_wconf 85' lang='lat' dir='ltr'>pluuiae</span> <span class='ocrx_word' id='word_1_278' title='bbox 1155 2138 1201 2168; x_wconf 91' lang='lat' dir='ltr'>et</span> <span class='ocrx_word' id='word_1_279' title='bbox 1234 2129 1351 2168; x_wconf 82' lang='lat' dir='ltr'>venti</span> <span class='ocrx_word' id='word_1_280' title='bbox 1371 2157 1381 2176; x_wconf 93' lang='lat'><strong>‚</strong></span> <span class='ocrx_word' id='word_1_281' title='bbox 1416 2127 1635 2180; x_wconf 87' lang='lat' dir='ltr'>puluerem</span> <span class='ocrx_word' id='word_1_282' title='bbox 1670 2127 1878 2179; x_wconf 87' lang='lat' dir='ltr'>agitantes</span> <span class='ocrx_word' id='word_1_283' title='bbox 1897 2155 1909 2176; x_wconf 93' lang='lat'>,</span> 
     </span>
     <span class='ocr_line' id='line_1_31' title="bbox 450 2189 1911 2245; baseline -0.001 -14"><span class='ocrx_word' id='word_1_284' title='bbox 450 2201 617 2245; x_wconf 87' lang='lat' dir='ltr'>augent.</span> <span class='ocrx_word' id='word_1_285' title='bbox 685 2189 733 2230; x_wconf 87' lang='lat' dir='ltr'>ln</span> <span class='ocrx_word' id='word_1_286' title='bbox 753 2190 857 2230; x_wconf 87' lang='lat' dir='ltr'>Iocis</span> <span class='ocrx_word' id='word_1_287' title='bbox 875 2190 945 2230; x_wconf 74' lang='lat' dir='ltr'>vbi</span> <span class='ocrx_word' id='word_1_288' title='bbox 965 2190 1147 2231; x_wconf 85' lang='lat' dir='ltr'>abundat</span> <span class='ocrx_word' id='word_1_289' title='bbox 1164 2219 1176 2238; x_wconf 89' lang='lat'>‚</span> <span class='ocrx_word' id='word_1_290' title='bbox 1214 2203 1311 2244; x_wconf 73' lang='lat' dir='ltr'>curp</span> <span class='ocrx_word' id='word_1_291' title='bbox 1329 2203 1427 2231; x_wconf 82' lang='lat' dir='ltr'>cura</span> <span class='ocrx_word' id='word_1_292' title='bbox 1443 2190 1650 2230; x_wconf 82' lang='lat' dir='ltr'>verrendo</span> <span class='ocrx_word' id='word_1_293' title='bbox 1670 2189 1802 2230; x_wconf 90' lang='lat' dir='ltr'>solum</span> <span class='ocrx_word' id='word_1_294' title='bbox 1823 2201 1911 2230; x_wconf 86' lang='lat' dir='ltr'>non</span> 
     </span>
     <span class='ocr_line' id='line_1_32' title="bbox 448 2253 1911 2310; baseline -0.002 -14"><span class='ocrx_word' id='word_1_295' title='bbox 448 2256 592 2310; x_wconf 86' lang='lat' dir='ltr'>purius</span> <span class='ocrx_word' id='word_1_296' title='bbox 611 2254 792 2295; x_wconf 78' lang='lat' dir='ltr'>obtineri</span> <span class='ocrx_word' id='word_1_297' title='bbox 810 2254 948 2310; x_wconf 89' lang='lat' dir='ltr'>potest</span> <span class='ocrx_word' id='word_1_298' title='bbox 974 2283 984 2304; x_wconf 90' lang='lat'>,</span> <span class='ocrx_word' id='word_1_299' title='bbox 1020 2266 1146 2309; x_wconf 89' lang='lat' dir='ltr'>quam</span> <span class='ocrx_word' id='word_1_300' title='bbox 1163 2262 1211 2295; x_wconf 83' lang='lat' dir='ltr'>vt</span> <span class='ocrx_word' id='word_1_301' title='bbox 1245 2253 1467 2298; x_wconf 82' lang='lat' dir='ltr'>dimidium</span> <span class='ocrx_word' id='word_1_302' title='bbox 1501 2254 1700 2310; x_wconf 83' lang='lat' dir='ltr'>ponderis</span> <span class='ocrx_word' id='word_1_303' title='bbox 1733 2253 1911 2309; x_wconf 77' lang='lat' dir='ltr'>depura-</span> 
     </span>
     <span class='ocr_line' id='line_1_33' title="bbox 448 2319 767 2362; baseline -0.006 0"><span class='ocrx_word' id='word_1_304' title='bbox 448 2320 568 2362; x_wconf 78' lang='lat' dir='ltr'>tione</span> <span class='ocrx_word' id='word_1_305' title='bbox 584 2319 767 2361; x_wconf 81' lang='lat' dir='ltr'>amittat.</span> 
     </span>
    </p>

    <p class='ocr_par' dir='ltr' id='par_1_4' title="bbox 1781 2383 1912 2432">
     <span class='ocr_line' id='line_1_34' title="bbox 1781 2383 1912 2432; baseline 0 -12"><span class='ocrx_word' id='word_1_306' title='bbox 1781 2383 1817 2432; x_wconf 65' lang='grc' dir='ltr'>ς.</span> <span class='ocrx_word' id='word_1_307' title='bbox 1840 2391 1912 2422; x_wconf 80' lang='lat'>10.</span> 
     </span>
    </p>
   </div>
  </div>
 </body>
</html>
