2029 2750
920 146 1037 199 ”2233
1102 140 1248 201 >134
1291 142 1306 200 s
1365 142 1496 197 &tes-³

464 261 539 304 tbi
560 258 821 304 manifestum
843 259 911 307 est,
953 271 1008 299 ex
1042 259 1249 312 prioribus
1279 258 1470 299 formulis
1492 291 1501 308 ‚
1539 259 1565 299 fi
1588 257 1799 300 characstcr
1818 259 1931 303 inde-

469 327 612 368 finitus
631 325 917 368 func‘tionisA
939 323 1172 372 omittatur,
1193 323 1351 376 priores
1371 322 1570 364 formulas
1590 322 1787 375 praebere
1815 337 1931 378 map-

467 405 541 447 pas
560 387 915 443 hydrographicas
937 417 947 436 ‚
983 387 1210 440 postremas
1241 399 1344 426 vero
1371 387 1724 429 constructionem
1758 386 1932 428 Haemi·

468 456 643 509 sphaerii
662 454 744 495 siue
765 450 939 491 borealis
959 450 1041 490 siue
1063 448 1257 489 australis.

1453 511 1470 530 ῃ

599 553 632 599 §.
657 561 694 598 3.
765 546 866 599 Quo
885 557 995 586 nunc
1014 544 1172 586 facilius
1202 555 1427 600 appareat,
1463 548 1679 601 quomodo
1709 549 1833 589 etiam
1872 560 1937 588 re-

471 615 607 666 liquae
626 610 904 664 proietftiones
925 610 1059 649 eidem
1080 611 1291 663 principio
1310 611 1478 651 innixae
1496 625 1548 652 ex
1569 613 1713 652 nostris
1746 611 1937 652 formulis

472 676 621 716 deduci
641 682 808 728 queant,
827 673 1037 713 rationem
1057 674 1168 714 istius
1187 674 1473 727 proiectionis‚
1509 687 1615 727 quae
1634 676 1760 728 vulgo
1790 676 1940 716 stereo-

471 738 670 793 graphica
707 737 851 776 vocari
886 736 989 777 solet
1022 735 1091 777 hic
1126 738 1356 778 accuratius
1393 737 1602 778 euoluam.
1671 738 1764 779 Hoc
1800 747 1939 778 autem

473 801 604 845 modo
631 800 864 855 superficies
883 799 1095 854 Sphaerae
1127 802 1171 840 in
1206 800 1378 854 planum
1413 800 1645 855 Sphaeram
1680 812 1847 855 tangens
1881 802 1938 841 ita

473 866 633 921 proieci
653 864 756 905 solet
774 896 784 915 ,
821 864 1180 917 quemadmodum
1200 879 1223 905 a
1242 864 1467 918 spectatore
1485 866 1526 904 in
1547 866 1703 918 puncto
1731 865 1939 905 contactui

474 930 668 984 opposito
687 930 912 969 constituto
934 928 1157 968 secundum
1186 928 1347 981 regulas
1376 928 1660 982 Perspec'tiuae
1689 939 1940 970 cerneretur.

365 993 373 1002 ⁰
475 993 639 1037 Referat
674 993 800 1045 igitur
836 991 1013 1033 circulus
1049 989 1204 1031 AMC
1240 988 1501 1043 Sphaeram,
1537 993 1648 1033 rec'ta
1684 1003 1823 1033 autem
1857 989 1940 1032 EF

472 1059 645 1114 planum
665 1087 676 1106 ,
712 1056 824 1109 quod
844 1054 1074 1108 sphaeram
1093 1055 1135 1094 in
1154 1054 1310 1108 puncto
1331 1052 1366 1093 C
1388 1065 1528 1108 tangat
1547 1068 1558 1107 3
1594 1066 1682 1095 tum
1712 1068 1815 1096 vero
1833 1055 1874 1095 A
1894 1054 1942 1095 fit

473 1122 676 1177 punCtum
695 1119 768 1172 ipsi
790 1116 826 1158 C
845 1117 1085 1170 oppofitum
1104 1121 1147 1158 in
1167 1130 1252 1171 quo
1272 1117 1473 1170 speaator
1490 1118 1538 1158 sit
1557 1119 1814 1158 constitutus.
1851 1119 1941 1158 Iam

476 1185 616 1226 sumto
633 1184 677 1224 in
698 1181 882 1235 Sphaera
899 1181 1055 1236 puncto
1074 1194 1326 1237 quocunque
1346 1181 1396 1220 M
1416 1212 1426 1229 ,
1463 1182 1490 1221 fi
1526 1194 1600 1234 per
1618 1182 1658 1220 id
1679 1194 1733 1220 ex
1767 1180 1809 1220 A
1843 1193 1942 1234 pro-

474 1250 650 1290 ducatur
668 1247 779 1287 rec‘ta
796 1244 900 1285 AM
913 1243 956 1290 S,
991 1245 1124 1285 rectae
1142 1245 1179 1285 E
1193 1243 1223 1284 F
1242 1256 1465 1283 occurrens
1485 1245 1527 1283 in
1556 1246 1712 1295 punc‘to
1730 1243 1776 1292 F,
1806 1245 1885 1283 erit
1913 1243 1940 1283 S

475 1312 682 1368 proiec‘tio
700 1309 843 1362 pune'ti
863 1307 925 1346 M.
994 1306 1105 1347 Hinc
1126 1309 1152 1348 fi
1171 1307 1307 1347 radius
1330 1305 1521 1359 sphaerae
1541 1315 1721 1358 ponatur
1738 1320 1793 1345 Ξ
1810 1318 1828 1344 1
1853 1335 1864 1354 ‚
1900 1314 1945 1345 vt

475 1377 525 1418 fit
543 1376 745 1416 diameter
762 1371 805 1412 A
819 1369 854 1412 C
866 1386 902 1411 z
917 1384 956 1417 2,
976 1383 1091 1412 arcus
1110 1385 1213 1412 vero
1233 1368 1270 1411 C
1283 1369 1335 1409 M
1353 1371 1550 1411 statuatur
1567 1383 1654 1420 :z‚
1673 1369 1751 1410 erit
1769 1368 1943 1424 angulus

477 1437 515 1480 C
529 1438 633 1479 AM
645 1439 777 1485 :gan
796 1435 906 1475 vnde
926 1434 971 1474 fit
997 1435 1263 1476 interuallum

604 1508 642 1552 C
662 1509 687 1551 S
708 1523 763 1550 z:
785 1522 807 1548 2
829 1518 938 1561 tang.
960 1503 1300 1579 {zzljbfigffiz
1317 1504 1554 1578 2V·⁴j⁶j’ss·22.

612 1624 644 1671 §.
681 1634 722 1670 4.
792 1618 835 1660 Si
882 1619 931 1658 ad
973 1617 1014 1658 A
1039 1614 1074 1658 C
1111 1630 1165 1657 ex
1199 1617 1252 1657 M
1287 1618 1460 1658 ducatur
1496 1618 1693 1659 normalis
1729 1617 1781 1658 M
1801 1616 1832 1658 P
1866 1618 1944 1659 erit

479 1683 720 1726 MPzsm.
735 1697 775 1733 z,
811 1695 856 1722 ac
885 1682 912 1722 sl
941 1681 1116 1723 circulus
1137 1682 1245 1722 circa
1273 1694 1396 1721 axem
1415 1680 1505 1721 AC
1527 1683 1715 1720 conuerti
1735 1682 1945 1733 concipia-

481 1745 561 1799 tur,
596 1749 799 1802 pundtum
819 1745 869 1785 M
890 1745 1094 1785 describet
1113 1745 1315 1785 circulum
1336 1745 1462 1797 plano
1485 1745 1668 1797 tangenti
1689 1744 1946 1796 parallelum,

485 1814 600 1853 cuius
632 1812 768 1851 radius
797 1808 1104 1850 :MPzfim
1120 1822 1160 1857 z,
1197 1808 1267 1861 qui
1296 1821 1395 1861 ergo
1424 1807 1541 1860 super
1559 1807 1684 1860 plano
1704 1807 1848 1846 itidem
1868 1806 1947 1845 cir-

485 1877 582 1917 culo
613 1874 826 1925 referetur,
849 1873 965 1913 cuius
985 1873 1120 1912 radius
1139 1886 1193 1912 Ξ
1208 1870 1243 1912 C
1258 1870 1283 1911 S
1297 1881 1442 1924 :tag
1458 1873 1522 1921 ζα,
1542 1872 1598 1910 ita
1617 1881 1662 1910 vt
1680 1870 1816 1910 radius
1836 1869 1947 1909 istius

487 1940 631 1980 circuli
662 1940 701 1978 in
733 1938 898 1991 sphaera
930 1937 966 1977 se
985 1935 1134 1976 habeat
1154 1936 1203 1976 ad
1222 1936 1383 1975 radium
1404 1935 1686 1987 projectionis,
1722 1943 1768 1973 vt
1787 1932 1879 1972 PM
1899 1931 1947 1970 ad

484 2000 523 2044 C
537 2001 579 2051 S,
607 2001 689 2040 hoc
710 2003 764 2041 est
783 2011 828 2040 vt
847 2000 1003 2041 AP:A
1019 1998 1055 2040 C
1085 1999 1151 2040 vel
1170 2009 1215 2039 vt
1233 1998 1338 2040 AM
1357 1999 1404 2039 ad
1423 1996 1518 2039 AS.
1569 1997 1726 2049 Anguli
1748 2005 1884 2036 autem
1905 1995 1947 2033 in

490 2064 650 2117 circulo
679 2063 871 2116 sphaerae
900 2063 1016 2103 radio
1037 2061 1072 2102 C
1087 2063 1138 2103 M
1157 2063 1360 2116 descripto
1380 2062 1566 2113 aequales
1587 2069 1708 2100 erunt
1728 2059 1885 2113 augulis
1905 2059 1946 2099 in

486 2127 746 2185 proieeiione
768 2126 884 2178 super
901 2126 1039 2178 plano.

622 2225 657 2272 §.
697 2233 733 2271 5.
801 2219 927 2260 Nunc
951 2221 992 2259 in
1014 2218 1179 2273 sphaera
1198 2220 1481 2275 concipiamus
1501 2220 1700 2273 punctum
1722 2231 1771 2267 m,
1807 2218 1880 2271 ipfi
1898 2217 1950 2258 M

491 2287 766 2345 proximum,
802 2285 867 2326 cui
895 2286 937 2325 in
965 2283 1224 2341 proieaione
1253 2285 1497 2340 respondeat
1524 2285 1723 2339 punctum
1751 2296 1786 2331 s,
1821 2284 1877 2324 ita
1903 2293 1949 2324 vt

1766 2346 1949 2388 elemen-
