2029 2750
907 185 1022 242 »2123
1086 184 1216 244 )8(
1279 182 1396 238 &3³³⁴-

417 299 633 346 venientes
669 296 939 355 exprimant3
983 299 1013 341 fi
1065 313 1192 342 curua
1242 300 1416 341 ducatur
1465 312 1541 355 per
1589 302 1879 346 extremitates

412 365 670 423 lingularum
703 358 1142 421 perpendiculari-ium,
1177 365 1278 405 haec
1315 364 1434 404 nobis
1470 364 1572 406 scala
1607 367 1686 407 erit
1728 368 1880 421 proba·

417 430 645 480 hiumam,
681 429 731 470 de
771 443 851 484 qua
887 430 1022 470 sermo
1056 429 1145 467 ests

515 496 549 545 §.
587 506 628 542 7.
664 492 734 534 Ad
769 494 889 534 huius
925 488 1211 542 descriptionis
1247 487 1407 532 sensum
1443 493 1548 534 mihi
1578 490 1800 534 verifimile
1819 491 1882 542 fit,

412 557 629 614 sequentia
664 555 788 597 scalae
823 552 1163 608 probabilitatum
1198 552 1274 592 vix
1309 554 1504 607 denegari
1539 557 1651 610 poss‘e
1669 556 1879 597 lemmata.

565 618 644 675 (a)
680 617 750 657 Ex
785 630 867 666 eo,
905 615 1017 669 quod
1052 614 1331 655 aberrationes
1367 629 1390 654 a
1422 629 1524 658 vero
1559 619 1714 672 puncto
1758 620 1884 659 inter-

609 680 751 722 medio
786 681 835 720 ad
869 688 1090 732 Vtramque
1123 687 1292 732 partem
1327 677 1404 717 sint
1455 681 1791 732 aeque-faciles,
1827 681 1885 722 se·

604 745 764 797 quitur,
801 741 947 783 scalam
983 743 1087 782 duos
1122 741 1361 783 habituram
1406 743 1482 783 effe
1516 756 1654 784 ramos
1705 743 1883 799 perfecte

608 806 760 848 similes
796 815 837 846 et
873 804 1073 860 aequales.

572 870 666 927 (b)
702 868 1020 926 Frequentiores
1056 868 1200 922 vtique
1236 879 1359 909 erunt
1393 878 1518 923 atque
1554 870 1659 915 adeo
1697 870 1887 926 probabi-

608 936 734 977 liores
769 946 903 991 prope
940 948 962 974 a
996 941 1142 975 centro
1177 932 1334 973 virium
1384 932 1697 976 obseruationes
1750 932 1890 974 stmul-

611 1011 693 1054 que
729 1007 846 1039 tanto
880 997 1055 1041 rariores
1077 1026 1087 1045 ‚
1141 1005 1299 1048 quanto
1335 998 1464 1050 magis
1517 997 1565 1037 ab
1618 1000 1694 1040 isto
1744 1006 1890 1037 centro

610 1062 836 1107 recedunt:
874 1073 973 1114 ergo
1009 1059 1111 1102 scala
1146 1057 1195 1098 ab
1230 1069 1406 1113 Vtraque
1442 1069 1556 1113 parte
1592 1071 1738 1114 verget
1774 1060 1822 1099 ad
1842 1059 1891 1100 li·-

617 1139 741 1168 neam
775 1125 930 1169 restam
951 1154 962 1175 ,
994 1125 1040 1167 in
1075 1135 1200 1178 quam
1235 1124 1423 1166 coniec‘ta
1458 1121 1672 1166 censemus
1707 1124 1801 1164 loca
1818 1122 1891 1163 ob-

616 1189 785 1232 seruata.

576 1251 666 1310 (c)
700 1251 916 1296 Intenfitas
951 1250 1252 1307 probabilitatis
1289 1251 1476 1293 maxima
1511 1253 1589 1292 erit
1622 1245 1676 1291 'in
1721 1250 1894 1301 medio,

620 1318 692 1362 vbi
727 1325 920 1360 centrum
955 1315 1112 1355 virium
1147 1314 1331 1354 locatum
1376 1314 1647 1368 supponimus
1669 1345 1679 1364 ‚
1731 1316 1895 1367 eritque

624 1389 798 1433 tangens
834 1378 963 1419 scalae
995 1391 1074 1434 pro
1102 1378 1184 1420 hoc
1212 1377 1369 1431 puncto
1386 1378 1581 1431 parallela
1599 1391 1695 1419 cum
1714 1377 1896 1431 praefata

624 1443 734 1484 linea
767 1442 888 1482 reeta.

579 1505 670 1562 (d)
704 1504 748 1547 Si
781 1516 930 1545 verum
967 1503 1053 1551 est,
1086 1503 1201 1554 quod
1246 1513 1419 1543 autumo
1440 1533 1450 1551 ‚
1485 1502 1795 1545 obseruationes
1831 1504 1901 1544 vel

625 1567 1000 1623 inauspicatiffimas
1037 1565 1128 1606 suos
1163 1566 1315 1605 habere
1351 1566 1506 1606 limites
1528 1596 1538 1615 ,
1573 1580 1677 1619 quos
1724 1569 1899 1621 quisque

629 1633 867 1675 obseruator
902 1631 1063 1671 sibimet
1099 1630 1169 1682 ipsi
1206 1630 1368 1683 optime
1406 1631 1580 1677 statuet,
1618 1629 1900 1681 sequitursca-

628 1698 713 1739 lam
748 1697 857 1736 recte
892 1695 1127 1734 ordinatam
1165 1693 1204 1732 in
1242 1693 1334 1746 ipsis
1381 1693 1581 1732 limitibus
1636 1693 1712 1731 ess‘e
1765 1703 1901 1746 perta-

630 1761 789 1802 &uram
815 1759 873 1799 ad
908 1757 1245 1797 obseruationum
1280 1756 1465 1807 lineam3
1501 1757 1656 1795 etenim
1692 1768 1770 1807 pro
1815 1769 1903 1796 am-

629 1825 756 1866 babus
792 1820 1125 1863 extremitatibus
1161 1819 1368 1860 euanescit
1403 1830 1491 1860 tota
1524 1818 1794 1872 probabilitas
1840 1832 1904 1860 er-

630 1900 785 1939 rorque
817 1887 953 1926 maior
988 1883 1035 1924 fit
1068 1884 1339 1939 impossibilis.

570 1950 583 2007 (
604 1964 623 1993 e
643 1951 655 2006 )
689 1949 884 2003 Denique
920 1962 973 1989 ex
1008 1961 1073 1997 et),
1103 1949 1214 2002 quod
1235 1949 1378 1988 ambae
1399 1948 1675 1988 aberrationes
1696 1945 1904 1987 maximae

635 2024 833 2066 tanquam
853 2013 1005 2053 limites
1025 2012 1242 2053 censentur
1277 2013 1387 2052 inter
1421 2012 1475 2059 id,
1512 2012 1625 2062 quod
1661 2011 1905 2061 contingere

633 2077 767 2133 potest
803 2085 844 2116 et
878 2076 990 2127 quod
1026 2075 1115 2115 fieri
1151 2076 1324 2129 nequit,
1360 2084 1528 2128 oportet
1563 2084 1609 2114 vt
1642 2073 1791 2113 vltima
1825 2071 1908 2111 sca·

599 2171 603 2175 -
636 2141 701 2183 lae
735 2138 950 2194 particula,
986 2139 1034 2179 ab
1070 2148 1250 2192 vtroque
1284 2139 1412 2178 latere
1433 2167 1444 2187 ‚
1478 2137 1798 2191 praecipitanter
1818 2144 1909 2175 ten-

636 2206 708 2248 dat
742 2204 792 2245 ad
826 2203 977 2244 lineam
999 2232 1009 2251 ‚
1061 2203 1104 2243 in
1140 2215 1220 2256 qua
1252 2202 1405 2258 puncta
1438 2200 1653 2241 obseruata
1686 2201 1908 2248 locantur,

637 2268 706 2310 sic.
727 2276 774 2309 vt
808 2277 1022 2322 tangentes
1056 2266 1100 2310 in
1133 2267 1296 2321 punctis
1332 2265 1533 2307 extremis
1568 2264 1669 2305 fiant
1713 2264 1763 2304 ad
1815 2273 1909 2302 ean·

638 2331 738 2376 dem
769 2331 926 2376 lineam
959 2331 1270 2390 propemodum
1303 2328 1666 2390 perpendiculares
1701 2323 1910 2432 etvtsiffi‘a

1135 2403 1147 2406 ·
1825 2402 1845 2433 c
1888 2401 1912 2429 a
