2029 2750
827 164 942 217 »2213
1008 158 1023 218 )
1062 165 1154 215 246
1188 160 1204 220 (
1268 160 1383 213 ἔξω

433 275 482 317 F.
503 273 555 317 G.
577 274 626 317 H.
647 273 675 315 1.
713 273 836 317 Varii
873 275 1052 318 fasciculi
1089 275 1425 331 longitudinales,
1462 275 1533 330 qui
1568 274 1730 330 septum
1750 273 1841 315 effi-

558 341 703 389 ciunt,
739 341 782 381 in
818 341 990 393 aliisque
1025 341 1213 382 subiectis
1250 342 1381 395 magis
1416 342 1459 381 in
1506 340 1597 381 aliis
1634 340 1771 380 minus
1816 348 1842 379 a

557 403 596 444 se
626 405 810 446 inuicem
845 405 1022 445 distincti
1059 415 1268 459 apparent.

431 463 481 510 K.
513 465 612 507 Pars
650 468 750 522 se'pti
787 468 960 509 inferior
995 468 1276 522 irregulariter
1319 469 1548 510 reticulata.

431 531 480 572 L.
525 531 620 571 Pars
658 532 819 572 summa
855 531 958 585 septi
995 531 1122 571 laeuis
1158 543 1293 585 prope
1335 528 1521 573 valu'ulas
1558 531 1838 573 semilunares.

431 595 492 637 M.
527 593 704 635 Summa
740 606 833 648 pars
870 594 1039 649 parietis
1075 594 1332 646 ventriculi,
1367 609 1391 636 a
1424 608 1505 650 qua
1539 596 1721 650 reliquus
1766 609 1842 651 pa-

438 662 442 665 “
556 658 636 698 ries
673 656 862 700 resectus.

430 719 486 763 N.
522 720 632 762 Baiis
669 723 844 764 arteriae
879 723 1146 778 pulmonalis.

433 785 559 830 0.0.
595 787 717 828 Bascs
770 787 1032 829 valuularum
1086 787 1431 838 semilunariurn3
1483 800 1660 842 quarum
1713 787 1841 829 altera

436 852 439 853 ’
559 850 675 906 septo
728 851 803 893 soli
853 851 1090 901 incumbit,
1147 852 1275 893 altera
1310 853 1528 893 dexterior
1563 852 1694 893 estet
1729 842 1844 892 ante·-

560 917 679 966 rior3
715 917 838 957 tertia
874 916 943 957 sub
980 926 1096 971 parte
1131 914 1253 973 (M.)
1290 916 1400 957 latet.

431 979 478 1019 P.
512 977 789 1031 Pyramidalis
825 978 918 1019 finis
955 980 1177 1021 columnae
1229 993 1402 1021 carneae
1437 980 1616 1020 sinistrae
1652 976 1760 1034 (vid.
1792 978 1843 1020 ad

560 1056 629 1083 no.
657 1056 724 1092 14.
751 1054 819 1090 ις.
847 1046 914 1081 16.
943 1054 1011 1091 17.
1038 1051 1103 1085 18.
1134 1040 1236 1095 19.)
1272 1056 1357 1095 quo
1392 1046 1435 1083 iu
1481 1044 1694 1085 fasciculos
1739 1042 1844 1097 septi

561 1105 644 1161 (G.
680 1114 722 1145 et
756 1103 839 1159 H.)
876 1106 1105 1147 continuat.

437 1160 568 1232 QQ
606 1165 806 1210 Fasciculi
841 1168 1097 1216 breuissimi,
1133 1169 1283 1222 quibus
1318 1171 1485 1223 parietis
1505 1168 1728 1210 ventriculi
1748 1180 1841 1223 pars

563 1232 786 1274 sinisterior
822 1242 864 1274 et
899 1233 1081 1272 anterior
1117 1230 1233 1286 septo
1271 1233 1514 1273 adnectitur.

436 1294 487 1339 R,
507 1295 553 1339 S.
574 1295 619 1338 T.
643 1297 685 1339 V.
722 1294 922 1337 Fasciculi
957 1295 1272 1338 filamentorum
1310 1295 1393 1336 fine
1429 1293 1593 1350 papillis
1627 1305 1684 1334 ex
1715 1296 1842 1335 variis

560 1361 666 1403 locis
703 1359 804 1415 septi
841 1361 939 1410 orti,
970 1359 1247 1413 valuulaeque
1284 1358 1387 1415 septi
1422 1369 1463 1399 et
1497 1357 1693 1398 valuulae
1728 1367 1845 1397 ante-

560 1426 666 1466 riori
701 1423 854 1465 inserti.
924 1423 1039 1466 Haec
1075 1423 1292 1465 filamenta
1328 1424 1467 1464 minus
1488 1421 1719 1463 constantia
1739 1420 1843 1461 sunt.

503 1480 528 1508 ¹¹*
561 1487 689 1529 Plura
739 1500 879 1535 nunc,
933 1500 1043 1528 nunc
1094 1489 1298 1541 pauciora
1348 1488 1626 1542 reperiuntur.
1713 1483 1847 1539 Saepe

563 1562 718 1607 paruae
753 1545 978 1607 papillulae
1013 1551 1135 1600 sunt,
1179 1564 1233 1593 ex
1269 1552 1417 1605 quibus
1436 1550 1620 1592 fasciculi
1641 1550 1847 1589 oriuntur.

439 1613 488 1659 S.
522 1614 755 1660 Fasciculus
790 1615 989 1671 insignis,
1043 1616 1115 1672 qui
1168 1617 1210 1656 in
1262 1616 1448 1671 pluribus
1503 1614 1749 1668 corporibus
1792 1625 1848 1655 ex

554 1678 720 1735 ‘papilla
754 1681 920 1728 oritur,
956 1692 1081 1733 quam
1119 1678 1376 1734 superiorem
1412 1692 1564 1720 vocare
1600 1678 1710 1718 licet.
1748 1676 1846 1718 Pars

565 1744 724 1786 horum
759 1744 1073 1786 filamentorum
1110 1744 1151 1784 in
1171 1743 1383 1786 valunlam
1404 1743 1504 1798 septi
1542 1741 1646 1797 (44.
1671 1738 1686 1795 )
1710 1753 1722 1792 3
1754 1753 1847 1794 pars

566 1807 646 1850 alia
682 1806 821 1865 (46.)
857 1809 901 1848 in
937 1806 1148 1850 valuulam
1185 1809 1441 1849 anteriorem
1477 1805 1604 1863 (31.)
1640 1805 1848 1855 inseritur,

567 1885 591 1915 a
628 1868 710 1928 qua
742 1871 960 1914 filamenta
994 1872 1149 1915 tesedia
1184 1872 1287 1914 sunt.

441 1933 496 1978 Χ.
520 1935 559 1977 Y.
587 1935 638 1979 2.
675 1937 789 1979 Finis
825 1936 997 1980 inferior
1041 1938 1293 1993 praecipuae
1328 1936 1460 1992 partis
1497 1935 1630 1990 septi,
1682 1933 1732 1974 ab
1766 1931 1848 1973 hoc

566 1992 792 2044 distinam.
828 2053 836 2060 ¹

445 2060 558 2106 Y-Z.
597 2062 727 2114 Duo,
763 2067 805 2105 in
843 2077 950 2121 quos
985 2066 1053 2107 ille
1088 2065 1322 2115 diuiditur,
1357 2061 1568 2113 fasciculi,
1615 2059 1848 2104 continuati

428 2119 433 2136 ³
571 2123 616 2167 in
650 2139 791 2168 ramos
828 2130 927 2184 (12.
956 2127 1050 2181 13.)
1086 2129 1263 2185 papillae
1298 2141 1476 2183 magnae
1496 2121 1849 2180 anterioris2(11¹.)

571 2203 677 2246 quae
712 2192 806 2231 inde
844 2191 995 2232 resecta
1031 2193 1098 2233 est.

449 2266 485 2294 1.
525 2266 563 2294 2.
617 2252 762 2296 Fib‘rae
813 2267 867 2296 ex
920 2258 1037 2309 septo
1088 2256 1130 2296 in
1184 2255 1351 2310 parietis
1401 2253 1626 2297 ventriculi
1686 2262 1852 2310 partem

575 2318 854 2373 posteriorem
906 2318 1175 2362 transcuntes.
1243 2320 1467 2362 Eiusmodi
1500 2319 1660 2369 fibrae,
1713 2317 1854 2372 quales

536 2392 537 2395 ’
1724 2391 1852 2422 etiarn
