2029 2750
580 141 695 192 »02⁹2ss
759 138 950 195 )241(
1017 140 1127 192 &33⁴-

127 262 199 297 aut
234 244 563 300 semitubulofis,
597 252 732 302 qualis
768 252 932 290 valuula
966 252 1022 291 est
1056 253 1162 294 finus
1201 253 1342 294 sinistri
1378 255 1420 294 in
1456 254 1583 296 foetu.

127 319 184 360 Et
216 329 360 358 veram
397 324 535 355 tamen
570 313 782 354 valuulam
801 313 890 361 esse,
927 318 1117 366 quamuis
1158 317 1325 358 Illustris
1345 311 1587 362 TREWIVS

129 382 374 435 negauerit,
411 377 494 417 sola
528 376 614 416 eius
649 375 808 417 funstio
843 377 934 416 satis
971 378 1106 419 docet.
1192 378 1312 434 Quae
1347 383 1459 421 enim
1496 393 1591 435 par·

130 443 259 486 ticula
291 442 461 482 exituro
494 451 549 479 ex
584 438 725 492 aliquo
762 440 902 481 canale
936 441 1067 481 fluido
1118 443 1232 484 viam
1284 445 1445 497 aperit,
1482 445 1589 485 redi-

130 517 227 549 turo
260 508 303 546 in
337 504 455 544 illum
490 503 678 552 claudit,
722 517 770 544 ea
820 504 912 544 sane
962 505 1128 546 valuula
1177 509 1321 548 vocari
1375 517 1589 559 meretur,

128 576 400 625 quaecunque
435 568 473 606 ei
509 566 640 618 figura
673 567 721 606 fit
756 577 825 608 aut
858 566 1005 608 forma.
1076 568 1260 612 Valuula
1295 584 1395 625 crgo
1431 572 1489 612 sui
1517 585 1590 625 ge-

129 634 237 675 neris
272 632 359 679 est,
395 640 438 671 et
471 631 586 670 cuius
623 629 847 671 secundum
895 632 1139 688 exemplum
1191 637 1235 675 in
1285 647 1463 689 corpore
1513 635 1592 676 hu-

129 709 258 739 mano
291 695 481 736 nondum
515 693 710 736 innotuit.

258 826 410 880 Neque
445 826 591 875 causa,
627 838 700 868 cur
734 838 808 867 nec
845 825 1053 867 annularis
1091 838 1166 868 nec
1203 825 1459 867 semilunaris
1505 827 1593 868 val-

128 891 231 933 mla
265 891 332 931 hic
369 890 565 944 applicari
600 900 823 945 potuerat,
858 891 988 940 latet,
1023 900 1064 930 et
1099 904 1172 932 cur
1207 891 1412 943 fingnlare
1448 891 1596 932 valun-

133 955 198 996 lae
233 968 384 1008 genus,
422 954 706 994 membranula
743 967 894 1007 nempe
929 954 1135 1006 simplex,
1172 955 1455 1006 cuiuscunque
1491 953 1596 1006 figu-

132 1032 232 1067 rae,
269 1019 418 1072 plana,
455 1017 570 1070 super
605 1018 771 1057 foueam
808 1017 1009 1066 extensa,
1045 1030 1150 1069 quae
1199 1017 1353 1057 eleuari
1399 1017 1596 1071 simplici-

132 1092 197 1123 ter
232 1092 273 1122 et
308 1081 483 1133 apprimi
519 1080 648 1132 pofl‘et
670 1110 680 1127 ,
717 1072 1013 1132 requirebatur.
1098 1080 1145 1120 In
1181 1073 1297 1121 venis
1335 1080 1495 1133 sanguis
1532 1093 1596 1119 re-

135 1146 296 1184 diturus
331 1141 554 1182 secundum
590 1143 688 1183 axin
726 1142 878 1183 canalis
915 1144 1212 1197 progreditur,
1265 1144 1333 1183 cui
1381 1153 1472 1183 tum
1506 1141 1595 1183 val—

132 1207 233 1248 vula
267 1206 522 1247 semilunaris
560 1205 739 1259 expansa
775 1207 883 1246 reete
917 1208 1072 1247 resistit.
1141 1207 1202 1248 At
1237 1207 1396 1260 sanguis
1433 1207 1599 1248 auricu-

134 1272 228 1319 lae,
263 1285 296 1310 a·
322 1282 431 1309 vena
466 1270 685 1309 coronaria
721 1271 960 1311 retinendus
981 1301 990 1319 ,
1028 1271 1069 1310 in
1106 1272 1210 1311 latus
1248 1271 1399 1310 canalis
1445 1271 1597 1319 irruit,

134 1334 305 1386 oblique
339 1333 381 1371 in
418 1332 549 1372 finum
587 1333 760 1381 inserti,
811 1334 882 1373 vbi
918 1334 1083 1375 valuula
1129 1335 1385 1375 semilunaris
1421 1344 1491 1374 aut
1526 1346 1599 1388 ap-

137 1396 330 1452 plicanda
362 1409 628 1450 nequaquam
649 1427 659 1445 ,
695 1407 764 1437 aut
798 1398 1005 1439 inutiliter
1041 1399 1276 1451 applicata,
1311 1397 1475 1447 fuisset,
1522 1411 1599 1438 nec

136 1462 238 1502 alius
274 1470 422 1500 contra
443 1490 452 1507 ‚
489 1473 614 1513 quam
649 1460 827 1513 simplex
864 1461 1151 1502 membranula
1184 1462 1337 1514 plana,
1374 1472 1596 1514 apparatus

138 1525 276 1578 aptior
310 1523 416 1563 vllus
452 1524 683 1576 excogitari
717 1525 922 1577 potuisset.
1009 1523 1150 1564 Immo
1195 1524 1352 1564 etiamfi
1387 1537 1493 1564 vena
1529 1536 1601 1564 co-

140 1588 308 1628 ronaria
342 1587 737 1640 perpendiculariter
782 1588 824 1626 in
870 1588 1003 1628 sinum
1048 1588 1213 1636 hiaret,
1266 1602 1348 1641 qua
1391 1588 1600 1642 positione

139 1651 348 1692 orificium
384 1651 549 1692 valuula
585 1651 817 1691 semilunari
854 1652 1021 1705 contegi
1057 1652 1280 1705 potuisset,
1326 1652 1495 1692 valuula
1540 1662 1600 1691 ta-

142 1728 239 1756 men
276 1716 362 1755 vim
399 1715 604 1755 auriculae
650 1725 690 1755 et
742 1716 946 1769 sanguinis
999 1716 1086 1756 eius
1138 1716 1369 1769 prementis
1422 1715 1598 1755 minime

140 1779 410 1826 sustinuisset,
446 1779 801 1831 quemadmodum
854 1779 1043 1821 valuulae
1096 1793 1298 1819 venarum
1351 1791 1598 1820 communes

143 1840 274 1879 solum
312 1841 367 1879 sui
403 1841 605 1894 sauguinis
650 1844 810 1895 pondus
862 1843 979 1884 facile
1028 1842 1179 1884 ferunt.
1266 1841 1382 1883 Dum
1433 1842 1600 1883 valuula

146 1913 286 1943 autem
323 1906 469 1956 parieti
506 1904 650 1946 fimeae
685 1908 963 1959 apprimitur,
1001 1908 1063 1946 vis
1108 1908 1245 1947 omnis
1298 1907 1504 1947 auriculae
1556 1907 1600 1946 in

143 1965 253 2006 hunc
291 1967 488 2019 parietem
542 1968 815 2015 transfertur,
868 1971 1033 2011 valuula
1078 1971 1160 2024 ipsa
1213 1971 1491 2024 nequidquam
1526 1984 1599 2024 pa-

145 2030 258 2070 titur.
327 2029 570 2091 Quocunque
604 2045 696 2086 ergo
732 2031 891 2086 respicis
912 2065 921 2083 ,
957 2044 1142 2074 naturam
1166 2034 1388 2090 sapientem
1422 2034 1493 2088 effe
1536 2034 1602 2073 vi-

147 2092 245 2144 des,
279 2103 319 2133 et
356 2095 488 2134 multo
524 2097 774 2136 anatomicis
809 2098 1057 2147 doctiorem,
1093 2099 1163 2151 qui
1202 2112 1252 2139 ne
1289 2109 1377 2139 tum
1414 2098 1597 2151 quidem,

145 2157 312 2207 quando
360 2158 602 2208 valuulam,
639 2159 768 2211 qualis
822 2161 898 2200 effe
951 2161 1102 2212 debet,
1138 2163 1376 2204 instructam
1426 2161 1598 2207 vident,

145 2219 362 2269 quomodo
394 2216 471 2260 effe
505 2222 677 2272 debeat,
713 2223 962 2278 intelligunt.

146 2344 245 2387 Αέῖα
265 2345 386 2386 Acad.
407 2345 500 2401 Imp.
520 2346 587 2389 Sc.
608 2349 714 2391 Tam.
734 2351 764 2391 1.
785 2354 829 2392 Ρ.
849 2352 880 2395 1.
1127 2350 1169 2392 Η
1203 2350 1231 2392 h
1470 2348 1600 2389 Aliud
