2029 2750
838 128 954 179 „go->g
1018 121 1033 182 )
1073 136 1162 177 340
1198 124 1214 184 (
1278 126 1395 177 ste-3<-

536 244 569 294 §.
612 252 679 282 10.
750 235 948 290 Cometa,
984 242 1055 295 qui
1090 241 1221 282 Anno
1248 251 1368 291 1770
1408 241 1612 294 apparuit,
1649 252 1746 285 cum
1765 245 1858 299 plu·

384 308 495 350 ribus
534 306 774 348 nominibus
811 307 1092 348 attentionem
1121 306 1480 348 Astronomorum
1509 318 1730 358 mereatur,
1767 318 1860 351 tum

383 387 435 414 eo
471 373 705 426 praecipue,
742 372 855 425 quod
891 387 913 412 a
949 373 1090 426 primo
1126 382 1319 426 tempore
1355 371 1448 411 suae
1484 372 1756 425 apparitionis
1792 375 1860 416 die

387 452 443 488 14
464 438 571 478 Iunii
607 450 738 491 vsque
775 438 824 477 ad
860 437 1054 477 Vltimam
1091 438 1177 477 eius
1215 436 1548 477 obseruationem
1586 437 1652 477 die
1680 450 1703 475 2
1726 435 1861 479 Octo-

383 503 465 543 bris
511 502 692 551 fac‘tam,
746 502 855 541 circa
901 501 1044 541 Solem
1083 500 1343 553 descripserit
1387 499 1586 553 angulum
1630 505 1734 549 170⁰
1771 516 1860 545 ma-

383 568 549 615 iorem,
621 567 731 605 vnde
793 565 886 605 sane
937 575 1057 605 tanto
1110 567 1315 605 maiorem
1368 563 1482 618 spem
1533 564 1677 606 fouere
1729 566 1859 616 licet,

382 631 541 670 orbitae
577 630 664 670 eius
712 629 921 683 ellipticae
960 630 1388 678 determinationem,
1425 628 1600 669 succeffu
1637 630 1745 672 haud
1780 631 1860 672 effe

378 696 618 736 carituram.
689 694 800 734 Huic
848 704 987 734 autem
1034 694 1116 747 spei
1161 694 1243 735 hoc
1281 692 1369 747 ipso
1404 693 1561 746 insigne
1597 696 1760 735 accedit
1797 696 1861 736 in-

380 770 643 801 crementum
665 790 675 807 ,
744 759 857 812 quod
927 758 1151 800 Elementa
1217 771 1323 812 quae
1386 772 1409 797 a
1466 757 1651 810 pluribus
1711 758 1859 800 Astro-

382 825 520 865 nomis
567 837 645 877 pro
692 834 813 864 motu
858 823 981 865 huius
1017 821 1224 865 Cometae
1270 824 1312 863 in
1349 822 1486 863 orbita
1520 821 1765 864 Parabolica
1799 826 1864 864 in-

380 900 512 930 venta
547 890 734 936 fuerint,
770 902 868 929 cum
905 887 1263 929 obseruationibus
1301 887 1517 929 conciliari
1554 887 1665 928 nulla
1698 889 1862 930 ratione

380 954 614 1008 potuerint.
682 952 852 993 Scilicet
887 953 1111 994 Elementa
1146 953 1294 1007 quibus
1331 952 1643 993 obseruationes
1673 953 1779 993 adie
1804 967 1863 1005 14

382 1017 493 1058 Iunii
528 1029 662 1069 vsque
699 1016 748 1056 ad
789 1028 844 1065 29
883 1015 1017 1064 Iunii,
1065 1016 1156 1056 satis
1192 1019 1336 1056 exacte
1371 1015 1625 1069 implentur·⁷
1678 1031 1762 1057 non
1799 1017 1865 1059 so-

382 1082 470 1120 lum
525 1079 575 1118 ab
628 1079 990 1119 obseruationibus
1036 1079 1103 1118 die
1143 1091 1198 1127 30
1236 1079 1346 1119 Iunii
1392 1090 1518 1131 atque
1562 1094 1578 1118 1
1621 1092 1664 1122 et
1702 1095 1725 1130 3
1763 1082 1861 1123 Iulii

383 1144 582 1185 institutis
619 1143 896 1184 vehementer
932 1142 1154 1186 abludunt;
1188 1142 1257 1182 sed
1292 1142 1405 1195 quod
1440 1143 1670 1196 principale
1705 1146 1780 1186 hac
1818 1148 1863 1185 in

382 1208 623 1263 quaestione
670 1208 756 1258 est,
809 1220 885 1248 nec
930 1205 1080 1248 melius
1133 1218 1231 1246 cum
1267 1205 1625 1247 obseruationibus
1661 1208 1862 1250 secundae

383 1273 658 1328 apparitionis
695 1287 718 1313 a
756 1285 779 1311 2
816 1272 928 1326 Aug.
968 1284 1100 1324 vsque
1135 1270 1185 1310 ad
1225 1283 1248 1308 2
1281 1267 1479 1310 Octobris
1515 1268 1726 1318 institutis,
1760 1285 1861 1313 con-

384 1338 516 1380 ciliari
553 1337 733 1392 poffunt.
801 1337 860 1377 Et
895 1335 1071 1377 viciffim
1109 1335 1136 1376 fi
1173 1342 1400 1388 quaeratur
1434 1330 1573 1372 orbita
1607 1333 1862 1385 parabolica,

384 1416 488 1457 quae
523 1401 883 1443 obseruationibus
921 1400 1061 1441 mense
1080 1399 1258 1453 Augusti
1294 1397 1409 1439 saetis
1430 1394 1658 1446 salisfaciat,
1688 1397 1758 1439 illa
1777 1411 1864 1440 non

385 1468 516 1508 modo
551 1467 600 1507 ab
636 1466 994 1509 obseruationibus
1031 1464 1170 1504 mense
1205 1463 1314 1503 Iunii
1351 1461 1579 1511 institutis,
1632 1461 1700 1502 sed
1735 1464 1866 1505 etiam

390 1532 496 1580 illis,
534 1544 640 1584 quae
677 1530 817 1571 mense
853 1528 1113 1583 Septembris
1149 1527 1277 1568 factae
1315 1526 1551 1576 habentur,
1586 1526 1866 1569 vehementer

384 1595 620 1635 dissentiens
642 1595 887 1648 reperietur.
906 1593 1024 1633 Tum
1046 1594 1226 1645 denique
1244 1593 1380 1632 orbita
1398 1590 1652 1641 Parabolica,
1670 1605 1774 1645 quae
1788 1592 1864 1632 ob-

385 1659 687 1700 seruationibus
708 1658 846 1699 mense
860 1657 1115 1711 Septembris
1137 1657 1389 1705 satisfecerit,
1405 1656 1634 1696 admodum
1655 1671 1676 1695 a
1691 1656 1863 1711 reliquis

385 1723 734 1778 praecedentibus
770 1722 949 1770 differet,
985 1722 1345 1775 quemadmodum
1382 1721 1464 1760 hoc
1488 1735 1508 1760 a
1529 1717 1863 1760 CelebriAstro-

385 1801 518 1828 nomo
554 1787 785 1842 Vpsalienfi
821 1785 1058 1841 Prosperin,
1095 1788 1138 1826 in
1175 1784 1498 1827 Commentario
1534 1784 1583 1824 de
1620 1794 1738 1825 motu
1776 1781 1865 1825 Co-

387 1863 524 1893 metae
559 1852 678 1893 Anni
720 1862 856 1903 1770,
891 1851 1041 1892 Tomo
1076 1851 1129 1892 Π.
1165 1848 1562 1891 Nouor,Adtorum
1591 1847 1867 1903 Societ.Vp-

387 1917 562 1958 salienfis
599 1919 768 1968 inserto,
806 1917 1023 1958 euidenter
1058 1916 1384 1969 comprobatum
1419 1914 1489 1954 est.

538 1984 571 2031 ξ.
614 1995 684 2023 11.
754 1981 901 2035 Quum
947 1981 1074 2034 igitur
1118 1980 1183 2020 his
1230 1978 1460 2020 rationibus
1495 1977 1615 2018 valde
1650 1976 1864 2031 probabile

388 2044 667 2094 redderetur,
720 2046 904 2085 orbitam
955 2045 1079 2085 huius
1131 2042 1337 2086 Cometae
1383 2055 1468 2083 non
1505 2041 1638 2083 solum
1674 2055 1696 2080 a
1729 2040 1865 2094 figura

391 2108 636 2149 Parabolica
671 2108 862 2148 abludere
883 2139 893 2156 ,
946 2109 1011 2148 sed
1047 2110 1175 2149 etiam
1211 2107 1540 2149 excentricitatis
1577 2106 1863 2159 quantitatem

389 2186 463 2227 per
516 2172 826 2213 obseruationes
872 2172 977 2211 adeo
1022 2172 1132 2212 inter
1179 2173 1216 2211 se
1260 2171 1445 2216 diffitas,
1497 2170 1690 2212 concludi
1727 2169 1864 2223 poffe;

391 2250 541 2290 operae
561 2238 742 2291 pretium
764 2235 869 2277 mihi
887 2235 1021 2276 visum
1041 2236 1110 2283 est,
1130 2235 1252 2275 huius
1275 2232 1481 2276 Cometae
1501 2245 1667 2275 motum
1689 2235 1730 2273 in
1751 2235 1864 2274 orbi-

392 2311 433 2343 ta
451 2300 648 2358 Elliptica
669 2309 928 2357 computare,
942 2300 1056 2341 cuius
1076 2300 1405 2355 inuestigationis
1426 2299 1597 2340 breuem
1616 2299 1864 2340 delineatio-

1765 2375 1861 2403 nem
