2029 2750
910 48 913 70 i

844 140 972 198 '0253
1035 138 1234 200 >252(
1300 140 1418 193 &tez-

465 268 541 313 79.
562 270 634 314 79.
660 266 729 303 80.
763 256 862 300 Pars
897 266 1076 301 cutanea
1108 255 1295 311 regionis
1329 265 1463 296 venae
1498 263 1624 297 canae
1652 252 1879 310 inferioris,

589 336 695 377 quae
728 335 785 364 ex
819 322 1073 376 simplicibus
1119 322 1229 363 sinus
1275 319 1531 361 membranis
1561 350 1572 371 ‚
1621 330 1797 360 externa
1839 330 1883 362 et

587 389 782 438 interna,
816 387 1002 438 constat,
1038 399 1114 427 ncc
1149 385 1224 428 nisi
1257 383 1522 425 debiliffimas
1544 397 1737 439 rarasque
1755 382 1880 427 fibras

588 453 634 494 in
669 452 707 494 se
740 450 938 506 dispersas
973 450 1129 500 habet,
1163 459 1207 490 et
1239 448 1447 503 pellucida
1480 448 1549 490 est.

469 536 545 575 80.
582 526 724 568 Fouea
758 527 802 565 in
839 525 916 565 hac
951 535 1070 579 parte
1105 534 1284 566 cutanea
1310 532 1434 566 retro
1467 536 1588 566 oram
1632 537 1766 569 venae
1810 536 1881 568 co-

579 590 784 634 tonat-iae
819 587 926 644 (81.
945 586 974 643 ).

469 660 541 699 81.
567 661 638 698 82.
660 663 733 702 83.
757 660 830 703 84.
855 660 926 703 85.
950 656 1025 697 86.
1051 659 1122 704 87
1149 659 1219 696 88.
1256 650 1392 706 Regio
1425 663 1558 694 venae
1592 654 1850 696 coronariae.

474 737 547 776 81.
587 721 713 770 Fibra
747 727 993 770 muscularis
1028 727 1189 770 annulo
1225 740 1378 769 carneo
1422 726 1573 770 orificii
1617 728 1790 778 xenofi,
1841 728 1887 770 in

595 793 733 849 specie
777 793 866 835 eius
902 793 1012 848 parti
1059 789 1233 849 (49.)‚
1281 791 1638 845 addita,.quibus
1673 791 1889 835 orificium

597 870 731 900 venae
765 857 1015 899 coronariae
1052 856 1309 897 continetur.
1393 852 1442 896 ln
1500 855 1589 896 aliis
1641 857 1890 910 corporibus

595 921 683 962 hoc
718 922 761 961 in
796 920 886 974 ipso
922 921 997 963 illo
1033 919 1216 972 annulo,
1250 921 1294 961 in
1329 920 1430 982 dnas
1465 928 1603 974 partes
1638 919 1754 971 fiss'o,
1789 932 1892 963 con·

598 984 725 1024 tineri
758 983 1016 1026 obser-natur.

479 1064 552 1103 8⁷2.
578 1064 648 1107 83.
684 1053 861 1098 Cauitas
895 1055 1055 1107 oualis,
1091 1069 1115 1095 a
1147 1054 1254 1096 fibra
1289 1054 1430 1111 (81.)
1468 1066 1511 1099 et
1545 1058 1706 1100 annulo
1738 1071 1892 1102 carneo

605 1117 747 1175 (49.)
793 1118 1005 1168 formata,
1055 1120 1250 1172 interque
1283 1118 1358 1161 has
1393 1132 1530 1173 partes
1576 1132 1790 1163 contenta.
1841 1123 1892 1164 In

601 1183 681 1225 hac
717 1182 894 1224 cauitate
929 1180 1054 1223 fouea
1088 1193 1218 1235 porro
1251 1193 1455 1224 excauata
1501 1182 1558 1223 est
1594 1183 1607 1239 (
1626 1183 1694 1238 fig.
1715 1185 1810 1231 2.k..
1831 1183 1893 1240 I.)

606 1260 690 1302 qua
724 1245 937 1287 orificium
973 1256 1206 1287 commune
1239 1257 1372 1286 venae
1407 1248 1654 1287 coronariae
1698 1246 1890 1289 efficitur.

606 1311 658 1354 In
694 1310 783 1352 aliis
820 1309 1070 1365 corporibus
1107 1318 1199 1351 tota
1232 1309 1337 1351 haec
1372 1307 1532 1349 cauitas
1581 1320 1665 1349 vna
1699 1323 1797 1350 cum
1829 1311 1897 1352 fo-

609 1388 690 1417 vea
725 1390 748 1415 a
781 1375 951 1416 vaJuula
985 1374 1156 1428 tegitur.

487 1458 561 1497 82.
595 1450 766 1493 Fundus
800 1449 924 1491 huius
959 1450 1185 1499 cauitatis‚
1237 1448 1306 1489 seu
1350 1447 1598 1491 extremitas
1631 1447 1898 1504 profundior.

489 1524 564 1564 83.
599 1514 748 1556 Altera
779 1515 868 1557 eius
902 1513 1150 1555 extremitas
1185 1512 1333 1554 leuior

492 1587 566 1630 84.
592 1587 663 1628 85.
688 1581 758 1621 86.
792 1575 981 1619 Valuula
1013 1589 1147 1619 venae
1182 1576 1426 1617 coronariae
1462 1589 1650 1633 magnae.

492 1651 565 1696 8.4
601 1641 771 1685 Fundus
804 1641 997 1683 valuulae
1031 1651 1076 1686 et
1109 1640 1294 1692 sacculi,
1329 1655 1353 1681 a
1387 1640 1554 1684 valuula
1587 1653 1629 1684 et
1662 1641 1787 1685 fouea
1813 1641 1900 1685 for·

616 1706 891 1749 mati..

475 1780 565 1827 ⁷84·
599 1771 768 1815 Eodem
805 1783 987 1813 numero
1021 1771 1231 1813 indicatur
1265 1779 1308 1811 et
1341 1769 1643 1812 foraminulum
1678 1771 1744 1810 in·
1765 1770 1899 1812 fundo

617 1835 770 1878 sacculi
805 1835 929 1877 huius
964 1835 1033 1878 seu
1067 1834 1262 1877 valnulae
1282 1865 1294 1886 ,
1329 1834 1422 1876 satis
1457 1835 1640 1878 notabile
1660 1864 1672 1887 ,
1716 1835 1767 1878 de
1811 1846 1899 1889 quo

617 1901 663 1943 in
697 1899 864 1942 Differt.
898 1899 1121 1955 praemiffa
1153 1900 1326 1942 dictum.

499 1985 572 2026 85.
595 1981 665 2022 86.
699 1976 854 2032 Margo
889 1974 1083 2020 valuuiae
1117 1976 1281 2019 excisus
1317 1975 1499 2017 mobilis.

499 2047 575 2088 85.
607 2041 711 2081 Eius
746 2041 1010 2084 Exti-emitas
1046 2041 1250 2096 superior,
1269 2055 1352 2095 qua
1384 2039 1513 2082 fibrae
1550 2036 1681 2096 (81.)
1715 2038 1783 2080 seu
1801 2050 1899 2080 orae

497 2103 646 2148 foueae
681 2103 885 2157 superiori
920 2105 1116 2149 adhaeret
1150 2118 1234 2146 vna
1277 2118 1375 2146 cum
1425 2104 1693 2145 extremitate
1743 2103 1899 2144 sinistra

623 2166 815 2208 valuulae
849 2167 1075 2209 Eustachii.
1141 2169 1221 2208 His
1255 2168 1383 2209 fibrae
1416 2180 1509 2221 pars
1545 2180 1697 2220 magna
1731 2167 1901 2223 tegitur,

625 2243 733 2285 quae
767 2230 838 2273 sub
871 2231 1141 2273 extremitate
1176 2231 1363 2272 cauitatis
1398 2231 1530 2272 oualis
1566 2233 1765 2277 anteriori
1793 2229 1903 2289 (83.)

596 2341 601 2346 ,
627 2307 728 2339 cum
761 2295 919 2340 annulo
953 2307 1109 2340 carneo
1141 2293 1282 2353 (49.)
1317 2296 1601 2352 coniungitur.

1826 2361 1900 2407 86„
