<?xml version="1.0" encoding="UTF-8"?>
<!DOCTYPE html PUBLIC "-//W3C//DTD XHTML 1.0 Transitional//EN"
    "http://www.w3.org/TR/xhtml1/DTD/xhtml1-transitional.dtd">
<html xmlns="http://www.w3.org/1999/xhtml" xml:lang="en" lang="en">
 <head>
  <title>
</title>
<meta http-equiv="Content-Type" content="text/html;charset=utf-8" />
  <meta name='ocr-system' content='tesseract 3.04.00' />
  <meta name='ocr-capabilities' content='ocr_page ocr_carea ocr_par ocr_line ocrx_word'/>
</head>
<body>
  <div class='ocr_page' id='page_1' title='image "./actaacademiaesci01impe/actaacademiaesci01impe_0272.png"; bbox 0 0 2029 2750; ppageno 0'>
   <div class='ocr_carea' id='block_1_1' title="bbox 586 118 1695 384">
    <p class='ocr_par' dir='ltr' id='par_1_1' title="bbox 586 118 1695 384">
     <span class='ocr_line' id='line_1_1' title="bbox 867 118 1420 176; baseline 0.004 -8"><span class='ocrx_word' id='word_1_1' title='bbox 867 120 982 170; x_wconf 62' lang='grc' dir='ltr'><strong>»ἓείἐ</strong></span> <span class='ocrx_word' id='word_1_2' title='bbox 1049 118 1239 176; x_wconf 81' lang='lat'>&gt;154(</span> <span class='ocrx_word' id='word_1_3' title='bbox 1306 121 1420 170; x_wconf 58' lang='lat'><strong>&amp;2030-</strong></span> 
     </span>
     <span class='ocr_line' id='line_1_2' title="bbox 675 228 1624 273; baseline -0.004 0"><span class='ocrx_word' id='word_1_4' title='bbox 675 230 1143 273; x_wconf 79' lang='lat' dir='ltr'><strong>TENTAMEN</strong></span> <span class='ocrx_word' id='word_1_5' title='bbox 1194 228 1624 272; x_wconf 74' lang='lat' dir='ltr'>THEORIAE</span> 
     </span>
     <span class='ocr_line' id='line_1_3' title="bbox 586 319 1695 384; baseline -0.003 -4"><span class='ocrx_word' id='word_1_6' title='bbox 586 319 1695 384; x_wconf 82' lang='lat' dir='ltr'>ELECTROPHORI.</span> 
     </span>
    </p>
   </div>
   <div class='ocr_carea' id='block_1_2' title="bbox 949 455 1352 594">
    <p class='ocr_par' dir='ltr' id='par_1_2' title="bbox 949 455 1352 594">
     <span class='ocr_line' id='line_1_4' title="bbox 1015 455 1284 496; baseline -0.011 0"><span class='ocrx_word' id='word_1_7' title='bbox 1015 455 1057 496; x_wconf 87' lang='lat' dir='ltr'>A</span> <span class='ocrx_word' id='word_1_8' title='bbox 1077 469 1101 496; x_wconf 91' lang='lat' dir='ltr'><strong>u</strong></span> <span class='ocrx_word' id='word_1_9' title='bbox 1122 455 1160 495; x_wconf 75' lang='grc' dir='ltr'><em>ἃ</em></span> <span class='ocrx_word' id='word_1_10' title='bbox 1179 467 1205 494; x_wconf 92' lang='lat' dir='ltr'><strong>o</strong></span> <span class='ocrx_word' id='word_1_11' title='bbox 1224 467 1284 494; x_wconf 90' lang='lat' dir='ltr'><strong>re</strong></span> 
     </span>
     <span class='ocr_line' id='line_1_5' title="bbox 949 547 1352 594; baseline 0.002 -5"><span class='ocrx_word' id='word_1_12' title='bbox 949 549 1006 590; x_wconf 89' lang='lat' dir='ltr'><strong>W.</strong></span> <span class='ocrx_word' id='word_1_13' title='bbox 1043 548 1088 590; x_wconf 93' lang='lat' dir='ltr'><strong>L.</strong></span> <span class='ocrx_word' id='word_1_14' title='bbox 1123 547 1352 594; x_wconf 80' lang='lat' dir='ltr'><em>KRAFFT.</em></span> 
     </span>
    </p>
   </div>
   <div class='ocr_carea' id='block_1_3' title="bbox 414 678 1878 881">
    <p class='ocr_par' dir='ltr' id='par_1_3' title="bbox 414 678 1878 881">
     <span class='ocr_line' id='line_1_6' title="bbox 1071 678 1215 726; baseline 0 -9"><span class='ocrx_word' id='word_1_15' title='bbox 1071 678 1104 726; x_wconf 85' lang='lat'><strong>§.</strong></span> <span class='ocrx_word' id='word_1_16' title='bbox 1178 691 1215 718; x_wconf 92' lang='lat'><strong>1.</strong></span> 
     </span>
     <span class='ocr_line' id='line_1_7' title="bbox 414 746 1878 881; baseline -0.001 -47"><span class='ocrx_word' id='word_1_17' title='bbox 414 746 619 881; x_wconf 88' lang='lat' dir='ltr'><strong>Noua</strong></span> <span class='ocrx_word' id='word_1_18' title='bbox 637 793 826 835; x_wconf 62' lang='lat' dir='ltr'><strong>eleetrica</strong></span> <span class='ocrx_word' id='word_1_19' title='bbox 846 791 1039 834; x_wconf 81' lang='lat' dir='ltr'><strong>machina</strong></span> <span class='ocrx_word' id='word_1_20' title='bbox 1058 825 1069 845; x_wconf 80' lang='lat'>,</span> <span class='ocrx_word' id='word_1_21' title='bbox 1104 795 1222 835; x_wconf 86' lang='lat' dir='ltr'><strong>cuius</strong></span> <span class='ocrx_word' id='word_1_22' title='bbox 1241 793 1309 835; x_wconf 91' lang='lat' dir='ltr'><strong>hic</strong></span> <span class='ocrx_word' id='word_1_23' title='bbox 1327 794 1514 836; x_wconf 85' lang='lat' dir='ltr'>indolem</span> <span class='ocrx_word' id='word_1_24' title='bbox 1536 794 1625 839; x_wconf 86' lang='lat' dir='ltr'><strong>sum</strong></span> <span class='ocrx_word' id='word_1_25' title='bbox 1660 791 1878 846; x_wconf 84' lang='lat' dir='ltr'><strong>inuestiga-</strong></span> 
     </span>
    </p>
   </div>
   <div class='ocr_carea' id='block_1_4' title="bbox 416 858 1907 2366">
    <p class='ocr_par' dir='ltr' id='par_1_4' title="bbox 416 858 1907 2366">
     <span class='ocr_line' id='line_1_8' title="bbox 571 858 1885 912; baseline -0.001 -14"><span class='ocrx_word' id='word_1_26' title='bbox 571 867 685 899; x_wconf 82' lang='lat' dir='ltr'><strong>turus</strong></span> <span class='ocrx_word' id='word_1_27' title='bbox 707 890 717 909; x_wconf 87' lang='lat'>‚</span> <span class='ocrx_word' id='word_1_28' title='bbox 753 873 776 899; x_wconf 82' lang='lat' dir='ltr'><strong>a</strong></span> <span class='ocrx_word' id='word_1_29' title='bbox 795 858 987 912; x_wconf 75' lang='lat' dir='ltr'>singulari</span> <span class='ocrx_word' id='word_1_30' title='bbox 1008 869 1048 899; x_wconf 90' lang='lat' dir='ltr'><strong>et</strong></span> <span class='ocrx_word' id='word_1_31' title='bbox 1070 858 1249 900; x_wconf 88' lang='lat' dir='ltr'><strong>mirabili</strong></span> <span class='ocrx_word' id='word_1_32' title='bbox 1271 860 1449 912; x_wconf 84' lang='lat' dir='ltr'><strong>quadam</strong></span> <span class='ocrx_word' id='word_1_33' title='bbox 1477 859 1756 900; x_wconf 61' lang='lat' dir='ltr'><strong>eleetricitatis</strong></span> <span class='ocrx_word' id='word_1_34' title='bbox 1784 869 1885 910; x_wconf 88' lang='lat' dir='ltr'><strong>pro-</strong></span> 
     </span>
     <span class='ocr_line' id='line_1_9' title="bbox 416 921 1891 977; baseline 0.001 -19"><span class='ocrx_word' id='word_1_35' title='bbox 416 921 610 962; x_wconf 69' lang='lat' dir='ltr'><strong>due&#39;tione</strong></span> <span class='ocrx_word' id='word_1_36' title='bbox 629 924 835 976; x_wconf 85' lang='lat' dir='ltr'>originem</span> <span class='ocrx_word' id='word_1_37' title='bbox 855 923 1036 976; x_wconf 84' lang='lat' dir='ltr'><strong>repetit,</strong></span> <span class='ocrx_word' id='word_1_38' title='bbox 1073 936 1178 977; x_wconf 85' lang='lat' dir='ltr'><strong>quae</strong></span> <span class='ocrx_word' id='word_1_39' title='bbox 1197 954 1207 973; x_wconf 90' lang='lat'>,</span> <span class='ocrx_word' id='word_1_40' title='bbox 1245 936 1341 964; x_wconf 89' lang='lat' dir='ltr'><strong>cum</strong></span> <span class='ocrx_word' id='word_1_41' title='bbox 1362 925 1445 964; x_wconf 86' lang='lat' dir='ltr'><strong>iam</strong></span> <span class='ocrx_word' id='word_1_42' title='bbox 1465 924 1568 965; x_wconf 89' lang='lat' dir='ltr'><strong>olim</strong></span> <span class='ocrx_word' id='word_1_43' title='bbox 1597 923 1720 964; x_wconf 89' lang='lat' dir='ltr'><strong>fuerit</strong></span> <span class='ocrx_word' id='word_1_44' title='bbox 1763 935 1784 960; x_wconf 92' lang='lat' dir='ltr'><strong>a</strong></span> <span class='ocrx_word' id='word_1_45' title='bbox 1819 933 1891 960; x_wconf 88' lang='lat' dir='ltr'><strong>na-</strong></span> 
     </span>
     <span class='ocr_line' id='line_1_10' title="bbox 416 985 1877 1041; baseline 0 -18"><span class='ocrx_word' id='word_1_46' title='bbox 416 993 532 1025; x_wconf 88' lang='lat' dir='ltr'><strong>turae</strong></span> <span class='ocrx_word' id='word_1_47' title='bbox 553 985 844 1027; x_wconf 78' lang='lat' dir='ltr'>scrutatoribus</span> <span class='ocrx_word' id='word_1_48' title='bbox 865 986 1023 1025; x_wconf 76' lang='lat' dir='ltr'><strong>detec&#39;ta</strong></span> <span class='ocrx_word' id='word_1_49' title='bbox 1053 996 1094 1027; x_wconf 89' lang='lat' dir='ltr'><strong>ct</strong></span> <span class='ocrx_word' id='word_1_50' title='bbox 1129 988 1258 1028; x_wconf 85' lang='lat' dir='ltr'><strong>acutis</strong></span> <span class='ocrx_word' id='word_1_51' title='bbox 1293 989 1593 1041; x_wconf 86' lang='lat' dir='ltr'><strong>experimentis</strong></span> <span class='ocrx_word' id='word_1_52' title='bbox 1631 985 1848 1040; x_wconf 84' lang='lat' dir='ltr'><strong>explorata</strong></span> <span class='ocrx_word' id='word_1_53' title='bbox 1867 1014 1877 1034; x_wconf 89' lang='lat'>‚</span> 
     </span>
     <span class='ocr_line' id='line_1_11' title="bbox 418 1049 1891 1104; baseline 0.001 -14"><span class='ocrx_word' id='word_1_54' title='bbox 418 1050 637 1090; x_wconf 73' lang='lat' dir='ltr'><strong>nouissime</strong></span> <span class='ocrx_word' id='word_1_55' title='bbox 657 1052 811 1091; x_wconf 91' lang='lat' dir='ltr'><strong>merito</strong></span> <span class='ocrx_word' id='word_1_56' title='bbox 831 1051 873 1090; x_wconf 87' lang='lat' dir='ltr'><strong>in</strong></span> <span class='ocrx_word' id='word_1_57' title='bbox 894 1049 1055 1090; x_wconf 84' lang='lat' dir='ltr'><strong>scenam</strong></span> <span class='ocrx_word' id='word_1_58' title='bbox 1084 1051 1274 1091; x_wconf 90' lang='lat' dir='ltr'><strong>reuocari</strong></span> <span class='ocrx_word' id='word_1_59' title='bbox 1315 1054 1457 1104; x_wconf 88' lang='lat' dir='ltr'><strong>coepit</strong></span> <span class='ocrx_word' id='word_1_60' title='bbox 1477 1083 1487 1101; x_wconf 84' lang='lat'>,</span> <span class='ocrx_word' id='word_1_61' title='bbox 1524 1065 1621 1092; x_wconf 89' lang='lat' dir='ltr'><strong>cum</strong></span> <span class='ocrx_word' id='word_1_62' title='bbox 1658 1051 1891 1091; x_wconf 86' lang='lat' dir='ltr'>hodienum</span> 
     </span>
     <span class='ocr_line' id='line_1_12' title="bbox 421 1112 1890 1168; baseline 0 -16"><span class='ocrx_word' id='word_1_63' title='bbox 421 1112 554 1153; x_wconf 82' lang='lat' dir='ltr'><strong>multa</strong></span> <span class='ocrx_word' id='word_1_64' title='bbox 572 1113 648 1153; x_wconf 79' lang='lat' dir='ltr'><strong>sint</strong></span> <span class='ocrx_word' id='word_1_65' title='bbox 667 1115 706 1154; x_wconf 90' lang='lat' dir='ltr'><strong>in</strong></span> <span class='ocrx_word' id='word_1_66' title='bbox 729 1127 776 1166; x_wconf 77' lang='lat' dir='ltr'><strong>ea</strong></span> <span class='ocrx_word' id='word_1_67' title='bbox 794 1112 968 1154; x_wconf 80' lang='lat' dir='ltr'><strong>abstrusa</strong></span> <span class='ocrx_word' id='word_1_68' title='bbox 987 1113 1120 1155; x_wconf 86' lang='lat' dir='ltr'><strong>adhuc</strong></span> <span class='ocrx_word' id='word_1_69' title='bbox 1156 1128 1289 1168; x_wconf 90' lang='lat' dir='ltr'><strong>neque</strong></span> <span class='ocrx_word' id='word_1_70' title='bbox 1325 1115 1416 1155; x_wconf 77' lang='lat' dir='ltr'><strong>satis</strong></span> <span class='ocrx_word' id='word_1_71' title='bbox 1453 1116 1639 1155; x_wconf 68' lang='lat' dir='ltr'><strong>distincte</strong></span> <span class='ocrx_word' id='word_1_72' title='bbox 1667 1114 1890 1167; x_wconf 85' lang='lat' dir='ltr'><strong>explicata.</strong></span> 
     </span>
     <span class='ocr_line' id='line_1_13' title="bbox 420 1174 1892 1229; baseline 0.001 -14"><span class='ocrx_word' id='word_1_73' title='bbox 420 1174 502 1215; x_wconf 85' lang='lat' dir='ltr'><strong>Vis</strong></span> <span class='ocrx_word' id='word_1_74' title='bbox 522 1177 741 1226; x_wconf 76' lang='lat' dir='ltr'><strong>elec‘trica‚</strong></span> <span class='ocrx_word' id='word_1_75' title='bbox 778 1177 893 1218; x_wconf 91' lang='lat' dir='ltr'><strong>nullo</strong></span> <span class='ocrx_word' id='word_1_76' title='bbox 922 1176 1124 1219; x_wconf 68' lang='lat' dir='ltr'><strong>fristionis</strong></span> <span class='ocrx_word' id='word_1_77' title='bbox 1155 1179 1313 1219; x_wconf 86' lang='lat' dir='ltr'><strong>auxilio</strong></span> <span class='ocrx_word' id='word_1_78' title='bbox 1333 1209 1343 1228; x_wconf 83' lang='lat'>,</span> <span class='ocrx_word' id='word_1_79' title='bbox 1380 1179 1462 1220; x_wconf 78' lang='lat' dir='ltr'><strong>sola</strong></span> <span class='ocrx_word' id='word_1_80' title='bbox 1497 1178 1722 1219; x_wconf 81' lang='lat' dir='ltr'><strong>resinarum</strong></span> <span class='ocrx_word' id='word_1_81' title='bbox 1758 1177 1892 1229; x_wconf 91' lang='lat' dir='ltr'><strong>lique-</strong></span> 
     </span>
     <span class='ocr_line' id='line_1_14' title="bbox 421 1239 1893 1296; baseline 0 -17"><span class='ocrx_word' id='word_1_82' title='bbox 421 1239 603 1280; x_wconf 59' lang='lat' dir='ltr'><strong>factione</strong></span> <span class='ocrx_word' id='word_1_83' title='bbox 623 1242 825 1294; x_wconf 69' lang='lat' dir='ltr'><strong>produtsta</strong></span> <span class='ocrx_word' id='word_1_84' title='bbox 844 1252 887 1281; x_wconf 88' lang='lat' dir='ltr'><strong>et</strong></span> <span class='ocrx_word' id='word_1_85' title='bbox 905 1241 1132 1283; x_wconf 76' lang='lat' dir='ltr'>admodum</span> <span class='ocrx_word' id='word_1_86' title='bbox 1152 1242 1222 1282; x_wconf 90' lang='lat' dir='ltr'><strong>diu</strong></span> <span class='ocrx_word' id='word_1_87' title='bbox 1251 1244 1293 1281; x_wconf 91' lang='lat' dir='ltr'><strong>in</strong></span> <span class='ocrx_word' id='word_1_88' title='bbox 1324 1243 1566 1296; x_wconf 82' lang='lat' dir='ltr'><strong>refrigerata</strong></span> <span class='ocrx_word' id='word_1_89' title='bbox 1597 1242 1726 1282; x_wconf 73' lang='lat' dir='ltr'><strong>resina</strong></span> <span class='ocrx_word' id='word_1_90' title='bbox 1754 1241 1893 1294; x_wconf 87' lang='lat' dir='ltr'><strong>super-</strong></span> 
     </span>
     <span class='ocr_line' id='line_1_15' title="bbox 423 1302 1893 1354; baseline -0.001 -11"><span class='ocrx_word' id='word_1_91' title='bbox 423 1303 498 1344; x_wconf 88' lang='lat' dir='ltr'><strong>stes</strong></span> <span class='ocrx_word' id='word_1_92' title='bbox 519 1335 530 1354; x_wconf 92' lang='lat'>,</span> <span class='ocrx_word' id='word_1_93' title='bbox 566 1315 636 1344; x_wconf 89' lang='lat' dir='ltr'><strong>aut</strong></span> <span class='ocrx_word' id='word_1_94' title='bbox 664 1305 745 1345; x_wconf 84' lang='lat' dir='ltr'><strong>leui</strong></span> <span class='ocrx_word' id='word_1_95' title='bbox 765 1306 908 1345; x_wconf 88' lang='lat' dir='ltr'><strong>attritu</strong></span> <span class='ocrx_word' id='word_1_96' title='bbox 928 1304 1047 1345; x_wconf 85' lang='lat' dir='ltr'><strong>facile</strong></span> <span class='ocrx_word' id='word_1_97' title='bbox 1066 1304 1339 1347; x_wconf 77' lang='lat' dir='ltr'><strong>resuscitanda</strong></span> <span class='ocrx_word' id='word_1_98' title='bbox 1358 1307 1442 1346; x_wconf 86' lang='lat' dir='ltr'><strong>iam</strong></span> <span class='ocrx_word' id='word_1_99' title='bbox 1466 1306 1624 1346; x_wconf 90' lang='lat' dir='ltr'><strong>dudum</strong></span> <span class='ocrx_word' id='word_1_100' title='bbox 1660 1302 1702 1343; x_wconf 90' lang='lat' dir='ltr'><strong>in</strong></span> <span class='ocrx_word' id='word_1_101' title='bbox 1722 1303 1893 1343; x_wconf 84' lang='lat' dir='ltr'><strong>historia</strong></span> 
     </span>
     <span class='ocr_line' id='line_1_16' title="bbox 425 1366 1894 1421; baseline -0.001 -14"><span class='ocrx_word' id='word_1_102' title='bbox 425 1367 613 1408; x_wconf 82' lang='lat' dir='ltr'><strong>theoriae</strong></span> <span class='ocrx_word' id='word_1_103' title='bbox 632 1369 846 1409; x_wconf 72' lang='lat' dir='ltr'><strong>elec‘tricae</strong></span> <span class='ocrx_word' id='word_1_104' title='bbox 864 1368 976 1409; x_wconf 87' lang='lat' dir='ltr'><strong>haud</strong></span> <span class='ocrx_word' id='word_1_105' title='bbox 994 1381 1144 1421; x_wconf 88' lang='lat' dir='ltr'><strong>parum</strong></span> <span class='ocrx_word' id='word_1_106' title='bbox 1165 1369 1221 1409; x_wconf 90' lang='lat' dir='ltr'><strong>est</strong></span> <span class='ocrx_word' id='word_1_107' title='bbox 1256 1369 1507 1410; x_wconf 83' lang='lat' dir='ltr'>celebritatis</span> <span class='ocrx_word' id='word_1_108' title='bbox 1555 1370 1714 1421; x_wconf 84' lang='lat' dir='ltr'><strong>adepta.</strong></span> <span class='ocrx_word' id='word_1_109' title='bbox 1800 1366 1865 1405; x_wconf 88' lang='lat' dir='ltr'><strong>Ita</strong></span> <span class='ocrx_word' id='word_1_110' title='bbox 1883 1396 1894 1416; x_wconf 86' lang='lat'>,</span> 
     </span>
     <span class='ocr_line' id='line_1_17' title="bbox 425 1428 1896 1487; baseline -0.001 -16"><span class='ocrx_word' id='word_1_111' title='bbox 425 1432 628 1472; x_wconf 85' lang='lat' dir='ltr'><strong>referente</strong></span> <span class='ocrx_word' id='word_1_112' title='bbox 649 1431 737 1473; x_wconf 92' lang='lat' dir='ltr'><strong>Cel.</strong></span> <span class='ocrx_word' id='word_1_113' title='bbox 758 1433 922 1486; x_wconf 60' lang='lat' dir='ltr'><strong>Pristlcjy</strong></span> <span class='ocrx_word' id='word_1_114' title='bbox 943 1463 951 1481; x_wconf 94' lang='lat'>‚</span> <span class='ocrx_word' id='word_1_115' title='bbox 988 1435 1030 1473; x_wconf 89' lang='lat' dir='ltr'><strong>in</strong></span> <span class='ocrx_word' id='word_1_116' title='bbox 1058 1433 1198 1474; x_wconf 86' lang='lat' dir='ltr'><strong>resinis</strong></span> <span class='ocrx_word' id='word_1_117' title='bbox 1235 1432 1483 1487; x_wconf 85' lang='lat' dir='ltr'><strong>quibusdam</strong></span> <span class='ocrx_word' id='word_1_118' title='bbox 1505 1464 1515 1484; x_wconf 85' lang='lat'>,</span> <span class='ocrx_word' id='word_1_119' title='bbox 1552 1433 1666 1473; x_wconf 91' lang='lat' dir='ltr'><strong>nullo</strong></span> <span class='ocrx_word' id='word_1_120' title='bbox 1703 1428 1864 1470; x_wconf 72' lang='lat' dir='ltr'><strong>affric‘tu</strong></span> <span class='ocrx_word' id='word_1_121' title='bbox 1885 1459 1896 1479; x_wconf 88' lang='lat'>,</span> 
     </span>
     <span class='ocr_line' id='line_1_18' title="bbox 424 1493 1897 1552; baseline -0.001 -16"><span class='ocrx_word' id='word_1_122' title='bbox 424 1495 503 1536; x_wconf 67' lang='lat' dir='ltr'><strong>aeri</strong></span> <span class='ocrx_word' id='word_1_123' title='bbox 522 1495 652 1536; x_wconf 82' lang='lat' dir='ltr'><strong>libero</strong></span> <span class='ocrx_word' id='word_1_124' title='bbox 671 1497 883 1550; x_wconf 68' lang='lat' dir='ltr'><strong>expostus,</strong></span> <span class='ocrx_word' id='word_1_125' title='bbox 920 1511 943 1536; x_wconf 89' lang='lat' dir='ltr'><strong>a</strong></span> <span class='ocrx_word' id='word_1_126' title='bbox 962 1494 1124 1547; x_wconf 88' lang='lat' dir='ltr'><strong>Greyio</strong></span> <span class='ocrx_word' id='word_1_127' title='bbox 1144 1506 1185 1538; x_wconf 92' lang='lat' dir='ltr'><strong>et</strong></span> <span class='ocrx_word' id='word_1_128' title='bbox 1216 1496 1488 1551; x_wconf 84' lang='lat' dir='ltr'><strong>Desaguliero</strong></span> <span class='ocrx_word' id='word_1_129' title='bbox 1516 1498 1764 1552; x_wconf 78' lang='lat' dir='ltr'><strong>spontaneae</strong></span> <span class='ocrx_word' id='word_1_130' title='bbox 1784 1493 1897 1547; x_wconf 82' lang='lat' dir='ltr'>quasi</span> 
     </span>
     <span class='ocr_line' id='line_1_19' title="bbox 428 1559 1896 1613; baseline -0.001 -15"><span class='ocrx_word' id='word_1_131' title='bbox 428 1559 491 1598; x_wconf 85' lang='lat' dir='ltr'><strong>vis</strong></span> <span class='ocrx_word' id='word_1_132' title='bbox 527 1559 740 1600; x_wconf 66' lang='lat' dir='ltr'><strong>electricae</strong></span> <span class='ocrx_word' id='word_1_133' title='bbox 775 1560 927 1602; x_wconf 89' lang='lat' dir='ltr'><strong>indicia</strong></span> <span class='ocrx_word' id='word_1_134' title='bbox 963 1560 1055 1601; x_wconf 89' lang='lat' dir='ltr'><strong>sunt</strong></span> <span class='ocrx_word' id='word_1_135' title='bbox 1091 1562 1320 1602; x_wconf 80' lang='lat' dir='ltr'><strong>obseruata.</strong></span> <span class='ocrx_word' id='word_1_136' title='bbox 1399 1560 1691 1603; x_wconf 87' lang='lat' dir='ltr'><strong>Memorabilis</strong></span> <span class='ocrx_word' id='word_1_137' title='bbox 1728 1570 1896 1613; x_wconf 85' lang='lat' dir='ltr'><strong>quoque</strong></span> 
     </span>
     <span class='ocr_line' id='line_1_20' title="bbox 430 1622 1899 1678; baseline -0.001 -16"><span class='ocrx_word' id='word_1_138' title='bbox 430 1622 714 1676; x_wconf 90' lang='lat' dir='ltr'><strong>phaenomeni</strong></span> <span class='ocrx_word' id='word_1_139' title='bbox 734 1624 856 1666; x_wconf 87' lang='lat' dir='ltr'><strong>huius</strong></span> <span class='ocrx_word' id='word_1_140' title='bbox 876 1624 1113 1665; x_wconf 85' lang='lat' dir='ltr'><strong>vberiorem</strong></span> <span class='ocrx_word' id='word_1_141' title='bbox 1133 1636 1174 1666; x_wconf 95' lang='lat' dir='ltr'><strong>et</strong></span> <span class='ocrx_word' id='word_1_142' title='bbox 1192 1625 1492 1678; x_wconf 80' lang='lat' dir='ltr'><strong>experimentis</strong></span> <span class='ocrx_word' id='word_1_143' title='bbox 1522 1626 1740 1666; x_wconf 79' lang='lat' dir='ltr'><strong>stabilitam</strong></span> <span class='ocrx_word' id='word_1_144' title='bbox 1779 1633 1899 1663; x_wconf 90' lang='lat' dir='ltr'><strong>men-</strong></span> 
     </span>
     <span class='ocr_line' id='line_1_21' title="bbox 434 1685 1900 1741; baseline -0.001 -16"><span class='ocrx_word' id='word_1_145' title='bbox 434 1687 594 1726; x_wconf 86' lang='lat' dir='ltr'><strong>tionem</strong></span> <span class='ocrx_word' id='word_1_146' title='bbox 631 1687 728 1729; x_wconf 82' lang='lat' dir='ltr'><strong>facit</strong></span> <span class='ocrx_word' id='word_1_147' title='bbox 767 1685 856 1729; x_wconf 90' lang='lat' dir='ltr'><strong>Cel.</strong></span> <span class='ocrx_word' id='word_1_148' title='bbox 894 1686 1036 1741; x_wconf 81' lang='lat' dir='ltr'><strong>Wllson</strong></span> <span class='ocrx_word' id='word_1_149' title='bbox 1072 1689 1113 1728; x_wconf 92' lang='lat' dir='ltr'><strong>in</strong></span> <span class='ocrx_word' id='word_1_150' title='bbox 1151 1689 1498 1730; x_wconf 71' lang='lat' dir='ltr'><strong>transactionibus</strong></span> <span class='ocrx_word' id='word_1_151' title='bbox 1543 1688 1749 1728; x_wconf 88' lang='lat' dir='ltr'><strong>societatis</strong></span> <span class='ocrx_word' id='word_1_152' title='bbox 1785 1686 1900 1724; x_wconf 91' lang='lat' dir='ltr'><strong>Lon—</strong></span> 
     </span>
     <span class='ocr_line' id='line_1_22' title="bbox 433 1749 1900 1806; baseline -0.002 -17"><span class='ocrx_word' id='word_1_153' title='bbox 433 1750 610 1790; x_wconf 87' lang='lat' dir='ltr'><strong>dinenfis</strong></span> <span class='ocrx_word' id='word_1_154' title='bbox 627 1764 636 1803; x_wconf 77' lang='lat'>3</span> <span class='ocrx_word' id='word_1_155' title='bbox 656 1753 726 1804; x_wconf 86' lang='lat' dir='ltr'><strong>qui</strong></span> <span class='ocrx_word' id='word_1_156' title='bbox 747 1765 844 1793; x_wconf 89' lang='lat' dir='ltr'><strong>cum</strong></span> <span class='ocrx_word' id='word_1_157' title='bbox 863 1753 1031 1805; x_wconf 85' lang='lat' dir='ltr'><strong>lagenae</strong></span> <span class='ocrx_word' id='word_1_158' title='bbox 1049 1753 1312 1806; x_wconf 83' lang='lat' dir='ltr'><strong>Lugdunensi</strong></span> <span class='ocrx_word' id='word_1_159' title='bbox 1333 1766 1471 1793; x_wconf 87' lang='lat' dir='ltr'><strong>ceram</strong></span> <span class='ocrx_word' id='word_1_160' title='bbox 1491 1752 1746 1806; x_wconf 75' lang='lat' dir='ltr'>hispanicam</span> <span class='ocrx_word' id='word_1_161' title='bbox 1766 1749 1900 1800; x_wconf 87' lang='lat' dir='ltr'><strong>lique-</strong></span> 
     </span>
     <span class='ocr_line' id='line_1_23' title="bbox 437 1811 1903 1866; baseline -0.002 -13"><span class='ocrx_word' id='word_1_162' title='bbox 437 1813 587 1854; x_wconf 66' lang='lat' dir='ltr'><strong>factam</strong></span> <span class='ocrx_word' id='word_1_163' title='bbox 606 1815 846 1857; x_wconf 89' lang='lat' dir='ltr'><strong>infunderet</strong></span> <span class='ocrx_word' id='word_1_164' title='bbox 864 1847 874 1866; x_wconf 87' lang='lat'>,</span> <span class='ocrx_word' id='word_1_165' title='bbox 911 1829 1002 1857; x_wconf 91' lang='lat' dir='ltr'><strong>eam</strong></span> <span class='ocrx_word' id='word_1_166' title='bbox 1022 1816 1102 1856; x_wconf 90' lang='lat' dir='ltr'><strong>hoc</strong></span> <span class='ocrx_word' id='word_1_167' title='bbox 1122 1819 1252 1858; x_wconf 90' lang='lat' dir='ltr'><strong>modo</strong></span> <span class='ocrx_word' id='word_1_168' title='bbox 1271 1818 1355 1857; x_wconf 89' lang='lat' dir='ltr'><strong>iam</strong></span> <span class='ocrx_word' id='word_1_169' title='bbox 1376 1827 1491 1857; x_wconf 87' lang='lat' dir='ltr'><strong>tanta</strong></span> <span class='ocrx_word' id='word_1_170' title='bbox 1519 1817 1561 1855; x_wconf 86' lang='lat' dir='ltr'><strong>vi</strong></span> <span class='ocrx_word' id='word_1_171' title='bbox 1596 1814 1787 1854; x_wconf 64' lang='lat' dir='ltr'><strong>cleftrica</strong></span> <span class='ocrx_word' id='word_1_172' title='bbox 1822 1811 1903 1850; x_wconf 87' lang='lat' dir='ltr'><strong>im—</strong></span> 
     </span>
     <span class='ocr_line' id='line_1_24' title="bbox 437 1874 1904 1932; baseline -0.001 -16"><span class='ocrx_word' id='word_1_173' title='bbox 437 1876 581 1918; x_wconf 87' lang='lat' dir='ltr'><strong>butam</strong></span> <span class='ocrx_word' id='word_1_174' title='bbox 602 1880 898 1932; x_wconf 87' lang='lat' dir='ltr'><strong>deprehendit,</strong></span> <span class='ocrx_word' id='word_1_175' title='bbox 933 1890 981 1920; x_wconf 88' lang='lat' dir='ltr'><strong>vt</strong></span> <span class='ocrx_word' id='word_1_176' title='bbox 998 1881 1162 1922; x_wconf 84' lang='lat' dir='ltr'><strong>viuidae</strong></span> <span class='ocrx_word' id='word_1_177' title='bbox 1183 1881 1485 1922; x_wconf 87' lang='lat' dir='ltr'>commotionis</span> <span class='ocrx_word' id='word_1_178' title='bbox 1505 1874 1904 1920; x_wconf 85' lang='lat' dir='ltr'><strong>Muschenbroekia—</strong></span> 
     </span>
     <span class='ocr_line' id='line_1_25' title="bbox 440 1937 1905 1996; baseline 0.001 -17"><span class='ocrx_word' id='word_1_179' title='bbox 440 1953 516 1981; x_wconf 82' lang='lat' dir='ltr'><strong>nae</strong></span> <span class='ocrx_word' id='word_1_180' title='bbox 536 1944 830 1996; x_wconf 86' lang='lat' dir='ltr'><strong>experimento</strong></span> <span class='ocrx_word' id='word_1_181' title='bbox 850 1944 1052 1986; x_wconf 84' lang='lat' dir='ltr'><strong>sufficeret</strong></span> <span class='ocrx_word' id='word_1_182' title='bbox 1071 1975 1081 1994; x_wconf 88' lang='lat'>,</span> <span class='ocrx_word' id='word_1_183' title='bbox 1117 1947 1174 1986; x_wconf 80' lang='lat' dir='ltr'><strong>ita</strong></span> <span class='ocrx_word' id='word_1_184' title='bbox 1195 1956 1334 1986; x_wconf 86' lang='lat' dir='ltr'><strong>tamen</strong></span> <span class='ocrx_word' id='word_1_185' title='bbox 1355 1976 1365 1996; x_wconf 89' lang='lat'>‚</span> <span class='ocrx_word' id='word_1_186' title='bbox 1400 1954 1448 1985; x_wconf 87' lang='lat' dir='ltr'><strong>vt</strong></span> <span class='ocrx_word' id='word_1_187' title='bbox 1466 1947 1507 1985; x_wconf 92' lang='lat' dir='ltr'><strong>in</strong></span> <span class='ocrx_word' id='word_1_188' title='bbox 1527 1944 1687 1984; x_wconf 83' lang='lat' dir='ltr'><strong>ratione</strong></span> <span class='ocrx_word' id='word_1_189' title='bbox 1707 1937 1905 1981; x_wconf 88' lang='lat' dir='ltr'><strong>diminuti</strong></span> 
     </span>
     <span class='ocr_line' id='line_1_26' title="bbox 443 2003 1904 2061; baseline -0.003 -15"><span class='ocrx_word' id='word_1_190' title='bbox 443 2003 592 2044; x_wconf 87' lang='lat' dir='ltr'><strong>caloris</strong></span> <span class='ocrx_word' id='word_1_191' title='bbox 631 2008 919 2050; x_wconf 82' lang='lat' dir='ltr'><strong>debilitaretur</strong></span> <span class='ocrx_word' id='word_1_192' title='bbox 952 2011 1015 2049; x_wconf 80' lang='lat' dir='ltr'><strong>vis</strong></span> <span class='ocrx_word' id='word_1_193' title='bbox 1050 2010 1326 2050; x_wconf 87' lang='lat' dir='ltr'><strong>concuffionis</strong></span> <span class='ocrx_word' id='word_1_194' title='bbox 1346 2041 1357 2060; x_wconf 90' lang='lat'>,</span> <span class='ocrx_word' id='word_1_195' title='bbox 1394 2010 1648 2061; x_wconf 84' lang='lat' dir='ltr'><strong>tandemque</strong></span> <span class='ocrx_word' id='word_1_196' title='bbox 1668 2035 1677 2053; x_wconf 91' lang='lat'>‚</span> <span class='ocrx_word' id='word_1_197' title='bbox 1713 2003 1794 2044; x_wconf 91' lang='lat' dir='ltr'><strong>hoc</strong></span> <span class='ocrx_word' id='word_1_198' title='bbox 1829 2014 1904 2043; x_wconf 85' lang='lat' dir='ltr'><strong>ex-</strong></span> 
     </span>
     <span class='ocr_line' id='line_1_27' title="bbox 444 2064 1903 2121; baseline 0 -14"><span class='ocrx_word' id='word_1_199' title='bbox 444 2067 576 2107; x_wconf 72' lang='lat' dir='ltr'><strong>tinc‘to</strong></span> <span class='ocrx_word' id='word_1_200' title='bbox 591 2099 600 2116; x_wconf 91' lang='lat'>‚</span> <span class='ocrx_word' id='word_1_201' title='bbox 637 2072 801 2121; x_wconf 91' lang='lat' dir='ltr'><strong>penitus</strong></span> <span class='ocrx_word' id='word_1_202' title='bbox 822 2073 1113 2113; x_wconf 88' lang='lat' dir='ltr'><strong>destrueretur.</strong></span> <span class='ocrx_word' id='word_1_203' title='bbox 1183 2073 1387 2114; x_wconf 87' lang='lat' dir='ltr'><strong>Penitiori</strong></span> <span class='ocrx_word' id='word_1_204' title='bbox 1422 2072 1554 2112; x_wconf 89' lang='lat' dir='ltr'><strong>adhuc</strong></span> <span class='ocrx_word' id='word_1_205' title='bbox 1589 2068 1783 2121; x_wconf 84' lang='lat' dir='ltr'><strong>indagine</strong></span> <span class='ocrx_word' id='word_1_206' title='bbox 1812 2064 1903 2108; x_wconf 88' lang='lat' dir='ltr'><strong>Cel.</strong></span> 
     </span>
     <span class='ocr_line' id='line_1_28' title="bbox 447 2129 1906 2189; baseline -0.001 -16"><span class='ocrx_word' id='word_1_207' title='bbox 447 2130 592 2173; x_wconf 79' lang='lat' dir='ltr'><strong>Wilcke</strong></span> <span class='ocrx_word' id='word_1_208' title='bbox 613 2132 858 2186; x_wconf 80' lang='lat' dir='ltr'><strong>singularem</strong></span> <span class='ocrx_word' id='word_1_209' title='bbox 879 2135 985 2175; x_wconf 84' lang='lat' dir='ltr'><strong>hanc</strong></span> <span class='ocrx_word' id='word_1_210' title='bbox 1005 2136 1067 2175; x_wconf 79' lang='lat' dir='ltr'><strong>vis</strong></span> <span class='ocrx_word' id='word_1_211' title='bbox 1088 2137 1315 2185; x_wconf 75' lang='lat' dir='ltr'><strong>electricae,</strong></span> <span class='ocrx_word' id='word_1_212' title='bbox 1351 2148 1475 2189; x_wconf 86' lang='lat' dir='ltr'><strong>quam</strong></span> <span class='ocrx_word' id='word_1_213' title='bbox 1496 2129 1906 2186; x_wconf 77' lang='lat' dir='ltr'><strong>vocatspontaneam,</strong></span> 
     </span>
     <span class='ocr_line' id='line_1_29' title="bbox 445 2196 1906 2252; baseline 0.001 -18"><span class='ocrx_word' id='word_1_214' title='bbox 445 2196 656 2248; x_wconf 87' lang='lat' dir='ltr'><strong>originem</strong></span> <span class='ocrx_word' id='word_1_215' title='bbox 676 2197 730 2237; x_wconf 89' lang='lat' dir='ltr'><strong>est</strong></span> <span class='ocrx_word' id='word_1_216' title='bbox 749 2200 987 2251; x_wconf 89' lang='lat' dir='ltr'><strong>prosecutus</strong></span> <span class='ocrx_word' id='word_1_217' title='bbox 1007 2227 1017 2248; x_wconf 90' lang='lat'>‚</span> <span class='ocrx_word' id='word_1_218' title='bbox 1054 2199 1339 2252; x_wconf 89' lang='lat' dir='ltr'><strong>compluribus</strong></span> <span class='ocrx_word' id='word_1_219' title='bbox 1359 2198 1673 2251; x_wconf 82' lang='lat' dir='ltr'><strong>experimentis,</strong></span> <span class='ocrx_word' id='word_1_220' title='bbox 1713 2206 1798 2237; x_wconf 84' lang='lat' dir='ltr'><strong>tam</strong></span> <span class='ocrx_word' id='word_1_221' title='bbox 1818 2208 1906 2236; x_wconf 89' lang='lat' dir='ltr'><strong>ma-</strong></span> 
     </span>
     <span class='ocr_line' id='line_1_30' title="bbox 443 2259 1904 2318; baseline -0.001 -17"><span class='ocrx_word' id='word_1_222' title='bbox 443 2260 645 2303; x_wconf 74' lang='lat' dir='ltr'><strong>teriarum</strong></span> <span class='ocrx_word' id='word_1_223' title='bbox 665 2273 790 2316; x_wconf 87' lang='lat' dir='ltr'><strong>quam</strong></span> <span class='ocrx_word' id='word_1_224' title='bbox 810 2260 1160 2305; x_wconf 64' lang='lat' dir='ltr'><strong>consectariorum</strong></span> <span class='ocrx_word' id='word_1_225' title='bbox 1179 2263 1375 2307; x_wconf 77' lang='lat' dir='ltr'><strong>varietate</strong></span> <span class='ocrx_word' id='word_1_226' title='bbox 1402 2261 1625 2318; x_wconf 70' lang='lat' dir='ltr'><strong>insignibus</strong></span> <span class='ocrx_word' id='word_1_227' title='bbox 1656 2273 1668 2316; x_wconf 73' lang='lat'>3</span> <span class='ocrx_word' id='word_1_228' title='bbox 1709 2259 1904 2316; x_wconf 84' lang='lat' dir='ltr'><strong>sulphure</strong></span> 
     </span>
     <span class='ocr_line' id='line_1_31' title="bbox 1797 2335 1907 2366; baseline -0.027 0"><span class='ocrx_word' id='word_1_229' title='bbox 1797 2337 1838 2366; x_wconf 83' lang='lat' dir='ltr'><strong>v.</strong></span> <span class='ocrx_word' id='word_1_230' title='bbox 1873 2335 1907 2363; x_wconf 93' lang='lat' dir='ltr'><strong>c.</strong></span> 
     </span>
    </p>
   </div>
  </div>
 </body>
</html>
