2029 2750
901 149 1016 204 »ἓὲῖὲ
1080 145 1097 204 )
1132 163 1163 202 4
1197 147 1213 207 (
1276 148 1392 201 &ee-

414 265 527 320 quod
571 276 650 320 pro
683 273 784 306 vera
817 263 969 305 obiec'ti
1004 261 1210 316 explorati
1245 261 1453 316 pofitione
1488 264 1718 318 accipiunt·⁷
1768 264 1874 310 haec

413 343 581 384 quoque
617 329 759 382 regula
792 327 991 370 conuenit
1025 339 1121 367 cum
1157 339 1216 375 ea,
1254 340 1333 379 qua
1368 338 1540 368 vtuntur
1574 331 1617 368 in
1653 340 1737 369 arte
1772 342 1874 370 con-

410 395 622 443 iectandi,
674 393 702 435 fi
747 405 895 434 ornnes
939 391 1219 432 aberratione-s
1254 391 1295 429 in
1332 389 1588 434 obseruando
1632 394 1874 435 commissae

414 471 542 512 aeque
576 457 695 498 facilc
729 458 972 510 contingere
1007 455 1297 506 supponantur.

507 524 539 571 ξ.
581 535 618 561 2.
671 519 742 561 An
781 529 889 559 *vero
932 518 1041 558 τεᾶς
1085 515 1302 564 statuitur,
1355 516 1527 570 fingulas
1563 518 1871 559 obseruationes

411 585 598 626 eiusdem
642 583 719 624 effe
738 582 933 636 ponderis
969 578 1035 618 vel
1071 579 1291 626 momenti,
1312 579 1393 618 fine
1430 581 1470 619 in
1507 583 1674 632 quosuis
1711 595 1875 622 errores

408 661 541 700 aeque
576 657 730 700 pronas
767 640 877 685 effe?
928 655 978 682 an
1025 654 1186 681 errores
1222 641 1380 693 aliquot
1414 643 1615 694 graduum
1651 658 1779 697 acque
1815 646 1872 685 fa-

409 711 490 751 cile
524 709 849 750 committentur
885 716 1007 759 atque
1028 705 1095 745 alii
1126 705 1301 744 totidem
1333 703 1622 745 minutorum?
1657 720 1706 746 an
1727 709 1872 748 eadem

407 773 565 826 vbique
617 767 915 826 probabilitas?
966 768 1116 809 absona
1160 767 1282 822 plane
1326 767 1433 808 foret
1476 767 1579 809 haec
1625 769 1877 821 affirmatio·⁷

407 837 514 879 haec
551 836 698 889 procul
732 834 859 875 dubio
894 832 1011 874 causa
1044 832 1122 878 est,
1167 832 1280 885 quod
1314 833 1461 872 malint
1496 832 1720 874 astronomi
1755 848 1873 888 pror-

408 901 474 944 sus
510 901 681 941 reiicere
719 897 1039 946 obseruationes,
1074 908 1173 948 quas
1209 896 1392 936 iudicant
1426 897 1606 937 nimium
1642 911 1664 937 a
1697 898 1872 937 veritate

408 964 631 1009 recedere.
684 973 868 1004 caeteras
903 973 1007 1001 vero
1041 961 1277 1007 retineant,
1330 960 1417 999 imo
1451 960 1571 1012 plane
1606 961 1656 1000 ad
1691 960 1876 1001 eundem

412 1027 581 1068 censum
626 1026 826 1066 reserant:
883 1025 928 1066 Id
973 1036 1076 1064 vero
1111 1024 1211 1064 dum
1247 1022 1416 1071 faciunt,
1452 1022 1542 1063 satis
1577 1033 1618 1062 et
1652 1024 1743 1076 plus
1780 1024 1878 1063 satis-

408 1089 657 1137 monstrant,
694 1090 874 1130 multum
910 1087 1056 1137 abesse,
1086 1097 1134 1128 vt
1167 1087 1276 1126 idem
1313 1087 1487 1127 statuant
1522 1088 1703 1138 pretium
1740 1087 1877 1139 fingu-

409 1153 461 1197 ,lis
496 1168 521 1196 a
553 1152 592 1195 se
627 1152 745 1194 factis
779 1151 1135 1194 obseruationibus
1157 1181 1171 1200 ,
1219 1151 1318 1191 dum
1363 1150 1459 1190 alias
1503 1150 1697 1190 rejiciunt
1741 1159 1874 1200 totas,

410 1217 512 1260 anas
554 1228 700 1258 omnes
746 1229 834 1258 non
876 1215 1012 1256 solum
1059 1216 1262 1256 retineant
1297 1213 1365 1255 sed
1397 1213 1561 1267 insuper
1596 1213 1745 1253 eodem
1781 1225 1874 1253 mo-

409 1280 511 1320 dulo
546 1281 796 1331 metiantnr3
832 1292 906 1319 nec
941 1278 1067 1318 video
1101 1278 1281 1326 limites,
1325 1289 1429 1331 quos
1463 1278 1571 1317 vltra
1606 1277 1760 1317 citrauc
1796 1275 1874 1317 sint

410 1344 482 1382 vel
515 1346 680 1397 penitus
716 1342 966 1383 reficiendae
1002 1341 1070 1383 vel
1103 1342 1287 1392 integrae
1323 1341 1586 1392 retinendae3
1629 1341 1728 1393 quin
1763 1338 1879 1381 forte

412 1407 578 1446 euenire
614 1407 771 1459 potest,
808 1415 855 1444 vt
890 1404 1136 1452 obseruatio,
1157 1416 1261 1455 quae
1297 1403 1494 1453 reficitur,
1515 1405 1719 1456 optimam
1755 1415 1874 1456 prae-

412 1469 554 1509 stitura
598 1467 729 1509 fuiss'et
765 1467 933 1519 reliquis
970 1467 1289 1506 correffioneim
1355 1465 1558 1506 Attamen
1595 1479 1679 1507 non
1715 1468 1878 1520 impro-

413 1532 468 1572 bo
504 1533 740 1583 vbiquaque
785 1528 1004 1569 confilium
1042 1528 1295 1569 reiiciendae
1328 1530 1450 1568 vnius
1486 1530 1703 1570 alteriusue
1739 1530 1876 1571 obser-

412 1596 608 1642 uationis,
643 1595 732 1633 imo
768 1592 1111 1646 prob0,quoties·
1143 1593 1249 1632 inter
1287 1590 1586 1632 obseruandum
1623 1593 1771 1632 finistri.
1803 1593 1876 1633 ali-

413 1657 512 1710 quid
550 1657 770 1705 acciderit,
816 1655 928 1709 quod
963 1668 1037 1709 per
1073 1656 1110 1696 se
1146 1655 1278 1709 ipsum
1313 1655 1503 1709 protinus
1539 1654 1777 1708 scrupulum
1811 1656 1880 1695 in-

414 1721 528 1762 iiciat
565 1719 823 1760 obseruatori
852 1749 863 1769 ‚
899 1729 1120 1772 antequam
1165 1718 1413 1759 consuluerit
1456 1728 1654 1766 euentum
1691 1731 1881 1772 eumque:

413 1796 511 1824 cum
550 1785 723 1824 caeteris
760 1782 1117 1824 obseruationibus
1151 1782 1397 1834 contulerit3
1433 1783 1461 1824 fi
1490 1781 1593 1825 nihil
1613 1781 1692 1822 tale
1711 1781 1880 1833 habeat,

417 1847 530 1898 quod
567 1857 859 1901 conqueratur,
896 1847 1089 1887 existimo
1124 1846 1397 1887 admittendas
1434 1846 1510 1888 esse
1538 1843 1710 1899 fingulas
1737 1844 1890 1900 obsers

416 1911 608 1951 nationes
631 1943 640 1959 ‚
695 1902 1014 1964 qualescunque*
1046 1911 1196 1951 fuerint
1210 1924 1229 1962 ·;
1280 1911 1409 1952 mod'o
1438 1909 1684 1954 >obseruator
1718 1908 1791 1949 fibi
1824 1908 1874 1950 fit

414 1973 602 2014 conscius
638 1976 776 2014 omnis
816 1973 1291 2016 adhibitae-industriae..
1525 1989 1528 2009 :
1658 2017 1673 2022 ..
1773 2024 1775 2027 Ι
1882 2010 1913 2020 „

511 2039 544 2086 ξ.
591 2049 627 2084 3.
682 2038 826 2077 Jii'ceat
871 2036 1195 2078 obseruator-ern·
1227 2051 1467 2093 comparare
1502 2037 1596 2077 clim
1634 2034 1841 2089 sagittario
1861 2065 1879 2087 ,.

418 2100 504 2140 tela
540 2099 608 2140 sua
644 2102 683 2140 in
721 2100 974 2153 propositam
1014 2110 1166 2141 metam
1206 2104 1476 2151 conii'ciente,
1523 2098 1704 2140 adhibita
1739 2099 1872 2150 omni,

417 2167 499 2217 qu'a
544 2163 698 2216 pollet,
735 2163 939 2202 industria.
1010 2161 1146 2203 Detur
1191 2165 1261 2217 i'pfi
1306 2178 1382 2218 pro
1427 2173 1538 2204 meta
1572 2163 1730 2215 integra
1763 2162 1877 2202 linea

418 2227 644 2274 verticalis,
682 2230 738 2267 ita
782 2235 828 2265 vt
863 2226 1041 2279 fingulac
1077 2227 1351 2268 aberrationcs
1388 2227 1456 2268 sub
1492 2227 1612 2267 vni'ca
1647 2225 1879 2265 disertione·

416 2289 674 2337 horizontali
710 2289 981 2332 aestimandae
1016 2293 1206 2346 veniant3
1258 2301 1427 2347 putetur
1462 2301 1571 2332 meta
1604 2289 1766 2330 linearis
1803 2288 1874 2327 de-

1760 2351 1879 2407 piffa
