2029 2750
628 135 741 185 ”22³3ss
807 133 820 190 )
861 146 950 183 3:33
989 133 1004 189 (
1070 132 1185 183 ἓῖεέω

325 251 358 298 §.
397 262 435 288 2.
503 247 670 289 Notum
707 257 849 286 autem
888 247 972 294 est,
1010 246 1289 287 Astronomos
1326 247 1426 287 dum
1463 247 1503 286 in
1540 257 1644 289 tem-

172 313 343 368 poribus
381 313 605 352 Periodicis
643 310 911 350 Planetarum
949 311 1292 360 determinandis,
1329 312 1523 364 occupati
1559 311 1644 351 fue-

175 388 289 419 runt,
327 377 530 417 necessum
568 387 650 414 non
686 374 868 414 habuisse
897 404 908 422 ,
945 384 991 414 vt
1025 374 1266 414 huiusmodi
1303 376 1490 415 laborem
1527 374 1647 415 susci-

173 452 347 496 perent,
382 442 535 493 quippe
570 452 701 492 quum
738 440 805 478 via
857 439 988 492 magis
1024 439 1200 487 direc‘ta,
1236 451 1290 479 ex
1326 438 1420 492 ipsis
1457 439 1647 478 obserua-

171 505 354 545 tionibus
390 504 492 543 haec
530 514 722 556 tempora
759 502 976 543 Periodica
1011 504 1204 543 concludi
1235 503 1409 557 possent.
1476 501 1643 543 Verum

172 582 251 622 pro
287 565 495 620 Cometis,
533 581 716 621 quorum
753 577 945 619 tempora
980 567 1196 608 Periodica
1235 568 1485 621 plerumque
1521 567 1642 606 valde

172 645 323 685 magna
358 632 433 671 esse
455 642 646 685 oportet,
682 632 762 672 hoc
783 631 1011 672 admodum
1031 645 1128 672 raro
1153 632 1355 683 succedit3
1375 632 1483 671 inter
1502 629 1640 671 obser-

172 707 294 736 vatos
348 697 550 735 nimirum
587 700 643 744 63
684 694 913 745 cometas,
948 710 1130 749 quorum
1176 696 1400 736 Elementa
1435 695 1641 735 habentur

170 761 367 813 cognita,
406 773 489 799 non
543 760 614 799 nisi
669 770 750 800 tres
803 760 925 809 sunt,
977 761 1028 800 de
1083 760 1230 814 quibus
1268 770 1434 813 tempus
1472 759 1640 800 reuolu-

172 826 299 865 tionis
346 837 400 864 ex
436 824 796 864 obseruationibus
844 825 1092 865 innotuerit.
1164 824 1332 865 Scilicet
1367 834 1530 877 praeter
1566 836 1642 863 no-

172 889 369 929 tiffimum
408 886 633 929 cometam
670 889 836 937 Halleii,
873 890 944 943 qui
983 888 1118 928 Annis
1151 893 1286 939 1456,
1328 901 1464 937 1531,
1505 892 1641 936 1607,

177 958 313 1001 1632,
355 963 472 1002 1759
511 953 749 993 obseruatus
783 953 873 1002 fuit,
909 955 1111 1004 cuiusque
1147 954 1275 1004 igitur
1311 962 1474 1004 tempus
1498 951 1643 990 Perio-

171 1019 312 1058 dicum
349 1017 457 1056 inter
495 1020 555 1062 76
590 1026 631 1055 et
668 1028 726 1064 77
764 1028 894 1054 annos
940 1015 1227 1066 concluditur,
1282 1012 1487 1055 Comei-ae
1523 1015 1640 1054 annis

176 1085 298 1130 1264
333 1091 373 1120 et
413 1083 533 1127 1556
568 1078 771 1118 obseruari
806 1078 990 1131 respec‘tu
1020 1078 1343 1118 Elementorum
1367 1079 1640 1127 conueniunt,

170 1156 263 1185 tum
300 1156 401 1183 vero
436 1144 486 1182 de
524 1140 704 1182 Cometa
740 1155 850 1181 anno
891 1153 1009 1190 1532
1047 1141 1263 1182 obser-nato
1299 1142 1486 1191 constat,
1523 1142 1639 1194 quod

167 1221 318 1263 parum
364 1205 527 1246 differat
572 1206 620 1244 ab
655 1218 736 1253 eo,
787 1218 914 1258 quem
950 1206 1080 1246 Anno
1122 1210 1237 1245 1661
1278 1206 1541 1246 obseruatum
1563 1219 1641 1246 no-

171 1274 311 1312 vimus
334 1301 343 1318 ‚
380 1270 489 1308 vnde
525 1269 646 1308 binos
666 1269 742 1308 hos
763 1270 914 1309 vltimo
937 1281 1293 1311 commemoratos
1331 1269 1535 1311 Cometas
1569 1283 1642 1310 an-

171 1337 232 1374 nis
275 1341 393 1383 1848
431 1342 473 1373 et
516 1341 634 1382 1789
672 1334 722 1373 ad
758 1333 827 1374 sua
862 1333 1069 1375 Perihelia
1103 1335 1337 1376 reuersuros
1372 1337 1472 1387 effe,
1503 1335 1639 1390 spera-

169 1411 214 1440 re
248 1397 359 1438 licet.

320 1465 352 1512 ς.
394 1475 431 1511 3.
500 1461 696 1503 Methodi
733 1462 880 1517 quibus
915 1463 1164 1504 Astronomi
1195 1467 1256 1506 vti
1277 1456 1421 1516 solent,
1455 1468 1497 1507 in
1518 1479 1638 1508 com-

167 1527 359 1583 putandis
410 1526 591 1567 motibus
637 1539 929 1578 cometarum,
981 1529 1139 1569 etiamsi
1184 1531 1375 1583 prolixae
1410 1542 1451 1571 et
1487 1544 1639 1584 parum

168 1592 390 1645 expeditae
424 1590 529 1639 fint,
577 1604 719 1633 earum
758 1604 898 1633 tamen
934 1593 1054 1646 culpa
1090 1595 1266 1635 minime
1301 1595 1378 1643 fit,
1417 1606 1464 1634 vt
1499 1596 1638 1635 deter-

167 1657 345 1698 minatio
391 1657 590 1708 temporis
645 1656 849 1698 Periodici
892 1657 1047 1698 horum
1090 1657 1315 1699 Astrorum
1353 1660 1475 1699 tantis
1526 1657 1638 1698 diffi-

167 1719 386 1761 cultatibus
420 1732 658 1771 prematur;
711 1722 812 1773 quin
847 1723 987 1775 potius
1026 1722 1296 1762 certiffimum
1332 1723 1412 1771 est,
1458 1723 1569 1776 quod
1605 1722 1634 1761 fi

167 1783 402 1824 Methodus
438 1782 573 1834 aliqua
609 1785 763 1826 dii-csta
797 1787 932 1839 detegi
968 1787 1128 1839 posset,
1183 1787 1453 1841 computandi
1493 1796 1633 1826 motus

169 1845 447 1888 Cometarum
484 1847 526 1885 in
579 1849 723 1889 orbitis
776 1850 984 1904 Ellipticis
1015 1880 1025 1899 ,
1076 1850 1183 1890 hanc
1235 1851 1632 1891 determinationem

166 1912 405 1952 breuiorem
441 1922 494 1949 eo
529 1911 616 1964 ipso
660 1914 858 1966 quidem,
911 1913 976 1954 sed
1014 1926 1097 1953 non
1134 1916 1359 1955 certiorem
1395 1915 1498 1955 fieri.
1565 1915 1637 1956 Est

168 1977 312 2023 enim,
351 1984 397 2013 vt
443 1974 564 2023 dixi,
599 1975 720 2017 huius
755 1978 1012 2019 difficultatis
1047 1979 1183 2027 ratio,
1218 1980 1259 2019 in
1296 1994 1348 2021 eo
1368 1978 1634 2033 quaerenda,

168 2040 279 2092 quod
317 2038 473 2078 orbitae
511 2036 788 2081 cometarum
823 2042 941 2082 valde
978 2043 1055 2082 sint
1090 2045 1370 2092 excentricae,
1406 2043 1515 2083 vnde
1537 2055 1632 2083 eue-

169 2105 259 2150 nit,
302 2113 349 2143 vt
383 2102 482 2142 haec
517 2101 638 2144 Astra
673 2118 757 2145 non
795 2107 867 2146 nifi
904 2106 1017 2146 breui
1054 2117 1273 2159 tempore,
1308 2118 1351 2147 et
1385 2108 1553 2160 quidem
1589 2105 1634 2144 in

170 2166 361 2207 confiniis
397 2166 521 2219 ipfius
556 2166 749 2209 Perihelii
770 2199 782 2219 ,
837 2183 860 2210 e
892 2168 1066 2210 Tellure
1103 2172 1238 2210 nostra
1272 2171 1350 2210 fint
1385 2170 1636 2221 conspicua3

167 2234 225 2272 ita
258 2240 305 2269 vt
337 2231 551 2282 portiones
585 2232 848 2283 orbitarum,
899 2247 1001 2286 quas
1035 2235 1190 2274 interea
1234 2235 1342 2273 circa
1384 2233 1526 2273 Solem
1560 2233 1632 2272 de-

169 2295 365 2342 scribunt,
400 2305 486 2334 non
519 2295 593 2336 nisi
627 2296 821 2339 minimas
839 2310 977 2353 partes
1009 2297 1212 2352 ellipfium
1232 2295 1391 2352 abipfis
1409 2296 1631 2350 descripta-

884 2361 928 2402 T
952 2371 969 2402 t
1006 2371 1030 2410 3
1522 2373 1635 2412 rum,
