2029 2750
832 131 948 182 *ἦέ-Ξ
1015 127 1029 186 )
1068 129 1207 185 334(
1275 130 1392 180 5³53<-

371 262 487 302 nim,
523 249 788 303 constituant.
841 242 1073 286 Caeterum
1105 246 1213 287 haec
1249 244 1374 286 Astra
1409 245 1656 300 plerumque
1690 248 1846 292 lumine

372 317 515 360 multo
549 314 755 362 debiliori,
792 324 918 364 quam
958 311 1165 361 Planetae,
1201 312 1392 365 praedita
1426 312 1504 351 effe
1540 312 1674 352 solent
1710 323 1751 353 et
1772 314 1851 355 At-

374 380 621 435 mosphaera
663 380 843 431 quadam
888 376 1174 428 circumdata,
1225 389 1312 430 quo
1347 375 1394 416 fit
1429 387 1476 417 vt
1511 377 1848 427 obseruationes,

373 446 524 500 quibus
569 445 662 484 loca
704 443 859 483 horum
895 441 1120 481 Astrorum
1169 438 1447 481 Geocentrica
1491 443 1849 493 determinantur,

367 524 459 553 non
495 508 749 551 omnimodo
784 506 1035 546 certitudine
1065 505 1243 559 gaudere
1279 506 1447 547 soleant.

519 641 554 689 ξ.
590 652 631 689 4.
698 636 880 690 Propter
914 635 1115 689 insignem
1153 636 1538 686 excentricitatem,
1575 650 1680 691 quae
1715 639 1757 678 in
1782 650 1849 679 or-

365 705 467 746 ‘bitis
504 701 786 744 Cometarum
832 701 975 741 locum
1013 701 1168 751 habet,
1221 701 1489 742 Astronomis
1523 701 1595 742 vsu
1633 713 1850 756 receptum

371 770 449 811 effe
485 769 730 816 consueuit,
766 776 813 806 vt
847 766 920 806 has
958 767 1113 806 orbitas
1149 767 1191 806 in
1229 777 1434 820 computo
1470 777 1686 819 tamquam
1721 768 1849 808 lineas

368 834 634 876 Parabolicas
678 831 1072 884 contemplentur,
1140 845 1240 872 nam
1290 844 1374 885 pro
1427 832 1591 885 exiguis
1640 832 1850 885 portioni-

370 900 446 942 bus
482 898 704 952 Ellipsium
738 896 860 936 valde
895 897 1233 937 excentri'carum
1256 927 1266 944 ,
1301 896 1413 936 haud
1449 895 1674 937 difficulter
1728 896 1851 936 Para-

370 964 494 1006 bolae
530 963 834 1008 inueniuntur,
872 974 977 1012 quae
1013 963 1055 1001 in
1090 962 1154 1001 his
1191 961 1457 1015 portionibus
1493 975 1590 1001 cum
1626 961 1851 1014 Ellipfibus

372 1029 505 1070 modo
551 1026 669 1067 dietis
709 1023 965 1064 coincidunt.
1038 1024 1167 1075 Quod
1203 1026 1230 1063 fi
1268 1027 1407 1077 itaque
1447 1026 1607 1066 orbitae
1642 1025 1852 1066 Paraboli-

373 1104 446 1132 cae
499 1091 602 1130 adeo
653 1088 797 1128 exaste
844 1087 1206 1127 obseruationibus
1244 1086 1524 1137 satisfaciant,
1576 1100 1623 1128 vt
1658 1089 1850 1131 diffensus

373 1155 523 1196 calculi
559 1163 600 1194 et
636 1151 978 1192 obseruationum
1015 1151 1163 1189 nullibi
1199 1152 1283 1189 duo
1320 1162 1389 1191 aut
1426 1154 1504 1192 tria
1533 1154 1695 1192 minuta
1715 1155 1852 1205 prima

374 1220 567 1267 excedat,
609 1218 648 1257 id
685 1229 763 1270 pro
799 1215 1025 1256 certiiiimo
1061 1215 1218 1254 indicio
1252 1214 1490 1254 habendum
1528 1218 1607 1260 est,
1643 1217 1850 1258 calculum

352 1283 619 1327 ‘huiusmodi
658 1279 863 1322 Cometae
898 1278 969 1321 sub
1003 1278 1229 1334 hypothesi
1267 1278 1427 1318 orbitae
1456 1278 1677 1331 Ellipticae
1706 1281 1852 1320 frustra

375 1350 561 1398 tentari,
608 1348 786 1399 ideoque
823 1346 872 1385 de
905 1345 997 1385 eius
1033 1355 1228 1398 tempore
1265 1342 1487 1383 Periodico
1524 1343 1630 1382 nihil
1665 1355 1852 1396 pronun-

376 1415 476 1457 ciari
508 1415 648 1468 posset,
681 1411 893 1464 ‘imprimis
931 1410 957 1448 si
993 1409 1037 1449 hi
1074 1421 1234 1450 errores
1264 1421 1342 1461 pro
1376 1408 1733 1449 obseruationibus
1755 1420 1854 1461 pro-

376 1480 578 1535 pinquis,
630 1476 761 1516 modo
797 1475 980 1514 euadant
1015 1473 1256 1513 affirmatiui
1278 1503 1287 1520 ,
1345 1473 1474 1513 modo
1510 1473 1710 1525 negatiui.
1779 1471 1853 1512 Sin

377 1556 483 1585 vero
530 1542 711 1583 maiores
749 1538 942 1578 diffensus
979 1539 1087 1578 inter
1122 1537 1331 1578 calculum
1369 1548 1409 1577 et
1446 1537 1755 1577 (fluctuationes
1791 1549 1855 1577 re-

376 1609 608 1664 periantur,
644 1607 705 1644 vti
742 1604 957 1657 quinque,
994 1603 1138 1644 decem
1174 1614 1214 1642 et
1249 1604 1431 1656 plurium
1470 1603 1732 1642 minutorum
1770 1602 1855 1655 pri-

376 1684 565 1719 morum,
603 1669 747 1723 illique
781 1682 859 1722 pro
895 1667 1254 1709 obseruationibus
1292 1678 1487 1721 tempore
1515 1667 1724 1721 proximis
1746 1667 1856 1706 eius-

379 1739 475 1778 dem
496 1735 729 1777 habeantur
765 1733 974 1785 nominis,
1010 1733 1104 1774 inde
1140 1732 1231 1773 sane
1267 1746 1362 1772 cum
1400 1732 1537 1785 aliqua
1575 1731 1855 1771 vei-ifimilitu-

379 1804 478 1844 dine
514 1800 709 1841 concludi
743 1799 890 1853 potest,
927 1810 1006 1852 pro
1041 1798 1247 1838 eiusmodi
1286 1795 1467 1837 Cometa
1501 1796 1710 1836 calculum
1745 1794 1858 1835 orbi-

365 1878 449 1908 tae
483 1865 707 1920 Ellipticae
742 1877 838 1904 cnm
876 1863 945 1917 spe
979 1862 1110 1903 felicis
1147 1862 1369 1911 successus,
1407 1861 1550 1914 suscipi
1585 1861 1713 1914 poffe.
1780 1858 1857 1900 Fa-

381 1931 462 1972 cile
497 1941 640 1972 autem
674 1928 936 1982 intelligitur,
973 1928 1055 1968 hoc
1091 1929 1273 1975 euenire,
1310 1928 1474 1981 quoties
1509 1926 1661 1980 aliquis
1697 1922 1856 1965 Come-

365 2005 454 2044 ·ta,
506 2006 593 2036 tam
630 1995 700 2035 diu
737 1993 886 2034 incolis
921 1992 1108 2033 Telluris
1145 1993 1391 2046 conspicuus
1427 1991 1581 2040 fuerit,
1633 2000 1680 2029 vt
1713 1988 1855 2042 portio

364 2059 543 2101 --0rbitae
579 2060 665 2098 eius
687 2088 698 2106 ,
733 2059 892 2098 interea
927 2058 1036 2098 circa
1073 2056 1216 2098 Solem
1254 2057 1510 2110 descriptae,
1545 2054 1657 2094 nulla
1692 2053 1857 2093 ratione

383 2136 484 2166 cum
518 2121 718 2163 Parabola
763 2122 879 2161 reddi
915 2122 1040 2173 poffit
1075 2123 1329 2162 coincidens.
1401 2118 1568 2172 Operae
1603 2119 1730 2171 igitur
1763 2129 1858 2170 pre-

384 2191 493 2230 tium
529 2187 599 2236 est,
633 2196 681 2226 vt
715 2185 1023 2233 examinemus,
1059 2186 1231 2237 quinam
1268 2184 1316 2224 fit
1352 2182 1564 2224 charac‘ter
1598 2182 1856 2222 distinffiuus

364 2251 679 2299 cometarum,
716 2250 767 2290 de
802 2249 950 2303 quibus
986 2249 1193 2290 eiusmodi
1230 2249 1342 2302 spem
1381 2247 1523 2288 fouere
1557 2247 1778 2301 possimus,
1810 2254 1857 2287 vt

366 2315 608 2360 interuallo
627 2315 830 2371 temporis
850 2313 943 2356 satis
962 2313 1106 2370 longo,
1141 2326 1287 2356 eorum
1307 2314 1401 2355 loca
1419 2313 1628 2355 obseruari
1645 2311 1808 2368 poffint.

1741 2379 1776 2428 §-
1815 2383 1853 2425 5-
