2029 2750
896 166 1012 219 »ἕξ
1077 165 1092 224 )
1132 164 1272 224 210(
1338 164 1453 217 &93⁴-

426 275 614 321 indolem
634 277 819 333 produnt
838 288 880 320 et
897 278 1013 334 ripae
1042 279 1210 321 lacuum
1231 310 1242 328 ,
1277 279 1349 332 qui
1378 280 1545 320 interno
1582 279 1770 332 margine
1789 309 1800 328 ,
1835 285 1900 319 to-

429 353 557 398 toque
577 343 698 384 alueo
719 353 884 385 tantum
902 342 1043 385 Salem
1064 344 1336 384 muriaticum
1357 344 1423 384 vel
1443 341 1772 384 Glauberianum
1799 353 1902 383 con-

427 409 564 450 tinent
584 438 595 457 ,
630 417 808 449 externo
837 409 1028 462 margine
1058 408 1245 448 natrosae
1275 407 1406 448 solent
1440 407 1548 458 esse3
1584 407 1743 448 nullam
1779 405 1904 447 aliam

427 482 540 513 certe
560 472 614 513 ob
633 472 797 513 causam
818 503 828 520 ‚
864 484 992 524 quam
1011 471 1124 523 quod
1161 469 1258 511 sales
1279 469 1335 511 ibi
1369 471 1535 526 longius
1571 472 1612 512 in
1656 471 1758 512 statu
1794 469 1905 510 sicco

423 535 534 579 Sol‘rs
553 537 680 576 calori
699 535 877 589 expositi
899 536 1078 575 suerunt.
1151 531 1232 573 Sed
1259 543 1302 573 et
1336 536 1632 589 experimento
1667 536 1717 575 de
1752 535 1902 575 libera-

423 601 541 641 tione
561 599 683 639 Natri
709 613 731 638 a
758 597 972 639 connubio
1002 597 1109 637 acidi
1138 606 1306 637 neutros
1336 597 1434 639 sales
1463 600 1750 640 constituentis
1780 598 1904 652 plane

423 663 641 704 conuictus
667 661 739 701 fui.
809 660 857 701 In
877 660 1041 702 deserto
1062 658 1340 702 Calmuccico
1358 691 1369 710 ‚
1404 661 1474 702 vbi
1511 663 1698 716 primum
1735 662 1804 704 Sal
1832 675 1903 703 na-

424 726 584 767 trosum
605 726 749 767 inueni
770 756 780 775 ‚
816 736 859 767 et
888 726 1052 779 priores
1089 724 1402 766 obseruationes
1441 727 1630 766 nondum
1669 726 1870 767 callebam
1890 756 1903 778 ‚

421 790 570 832 Libras
590 790 689 830 duas
711 790 777 831 seu
797 793 950 842 33xxx1
965 802 983 828 1
1001 790 1190 830 eiusdem
1211 789 1260 830 ab
1281 790 1595 844 impuritatibus
1616 791 1760 831 terreis
1780 802 1906 831 mun-

423 854 620 895 daueram
642 866 652 905 3
687 867 741 895 ex
759 853 822 895 his
847 867 977 895 vnam
1014 854 1160 894 libram
1180 854 1329 894 crebro
1358 868 1462 908 aqua
1494 854 1773 896 humefactam
1796 886 1806 904 ‚
1842 856 1907 895 in-

424 931 507 972 que
527 918 726 959 asserculo
744 919 960 960 extensam
981 918 1168 972 pluribus
1190 919 1334 959 dicbus
1370 919 1458 959 Soli
1480 950 1489 966 ‚
1525 928 1567 959 et
1602 932 1732 971 quum
1765 919 1903 960 hiems

422 983 639 1035 ingrueret
658 1012 668 1030 ,
705 982 832 1023 calori
853 983 1098 1036 hypocausti
1119 982 1401 1036 exponebam.
1457 981 1667 1023 Notabilis
1687 991 1776 1023 erat
1795 983 1903 1024 acidi

423 1046 541 1087 salini
561 1047 765 1088 continuo
785 1046 992 1087 euolantis
1013 1046 1131 1085 odor.
1200 1045 1421 1098 Postquam
1442 1046 1524 1086 hoc
1545 1047 1716 1100 vigcfies
1736 1049 1905 1088 circiter

423 1109 632 1149 iterassem
653 1140 664 1158 ‚
700 1123 753 1150 ex
772 1120 948 1162 vtraque
986 1109 1090 1149 libra
1118 1109 1334 1163 separatim
1364 1108 1528 1149 Natron
1562 1111 1903 1159 cry(·allisatione

424 1171 579 1213 secreui
601 1203 612 1221 ,
648 1182 773 1225 atque
792 1173 844 1213 fic
874 1186 929 1213 ex
961 1173 1030 1213 illa
1059 1172 1162 1212 Salis
1196 1172 1330 1222 libra,
1367 1185 1493 1226 quam
1530 1173 1692 1235 siccarum
1717 1174 1904 1215 seruaue-

424 1249 515 1277 ram
536 1266 546 1284 ,
582 1241 667 1289 §vl
683 1250 699 1274 1
716 1239 766 1277 1ss
783 1267 793 1286 ,
830 1249 884 1276 ex
904 1237 1030 1277 altera
1048 1249 1151 1275 vero
1181 1235 1327 1290 (cuius
1363 1236 1453 1288 post
1489 1236 1650 1276 crebras
1686 1237 1902 1278 humeth-

425 1301 561 1341 tiones
582 1310 743 1341 tantum
773 1303 956 1352 3x111ss
984 1296 1252 1353 supererant)
1288 1297 1415 1351 paulo
1451 1296 1570 1352 supra
1586 1303 1649 1350 §x
1669 1329 1680 1349 ‚
1715 1313 1813 1341 cum
1849 1303 1905 1353 ΞΒ

426 1364 664 1407 Selenitidis
685 1365 857 1419 accepi.·
911 1364 1107 1405 Exoticis
1129 1375 1298 1417 quoque
1317 1361 1674 1404 obseruationibus
1694 1362 1796 1404 haec
1815 1364 1903 1404 Na-

424 1430 479 1470 tri
501 1429 700 1483 separatio
721 1428 1009 1469 confirmatur.
1077 1427 1126 1467 In
1144 1427 1347 1480 Aegypto
1365 1439 1406 1466 v.
1426 1439 1486 1480 gr.
1522 1425 1709 1468 Natrum
1745 1428 1903 1468 muria-

425 1494 556 1533 ticum
579 1494 619 1532 in
644 1493 750 1532 limo
768 1492 963 1532 Nilotico
992 1500 1241 1532 contentum
1263 1522 1273 1540 ‚
1308 1491 1351 1530 in
1390 1490 1498 1531 foffis
1533 1492 1765 1545 exponitur
1791 1490 1902 1533 Solis

424 1557 562 1597 ardori
584 1557 596 1612 (
616 1554 741 1597 Conf.
762 1557 935 1598 Bomare
955 1554 1141 1595 Mineral.
1164 1557 1206 1594 P.
1233 1569 1264 1593 1.
1291 1563 1332 1609 p.
1359 1553 1505 1609 314);
1540 1556 1737 1610 idemque
1758 1555 1809 1596 ab
1828 1555 1904 1596 ob-

425 1621 646 1661 tinendum
667 1620 873 1674 copiosius
893 1618 1076 1659 Natrum
1096 1632 1117 1659 e
1137 1618 1231 1659 Sale
1269 1620 1434 1658 marino
1463 1619 1511 1659 ad
1547 1619 1900 1661 Promontoriurn

423 1684 570 1726 Bonae
606 1685 690 1738 spei
724 1684 815 1734 fieri
852 1683 955 1724 solet
973 1714 983 1731 ,
1019 1683 1196 1723 docente
1214 1681 1356 1723 Kolbio
1378 1681 1627 1738 (Beschreib.
1656 1683 1725 1724 des
1742 1682 1899 1737 Kaap).

423 1748 593 1790 Plantae
614 1748 730 1788 salsae
754 1779 764 1797 ,
800 1761 905 1801 quae
933 1747 1088 1787 Sodam
1127 1747 1359 1800 largiuntur
1383 1777 1393 1796 ,
1429 1756 1476 1785 vt
1510 1745 1771 1797 Salicorffla,
1813 1745 1902 1786 Sal-

424 1813 603 1854 solarum
626 1812 780 1866 species
799 1813 937 1852 variae
958 1843 968 1861 ,
1005 1813 1046 1851 in
1068 1811 1223 1852 recenti
1254 1810 1376 1851 succo
1397 1810 1629 1850 maximam
1649 1819 1811 1864 partem
1831 1808 1903 1852 Sal

426 1888 628 1918 neutrum
667 1877 936 1917 muriaticum
957 1907 967 1924 ‚
1003 1885 1044 1915 et
1078 1874 1202 1916 Natri
1236 1888 1461 1928 perparum
1497 1874 1746 1926 continent3
1790 1874 1903 1915 vnde

425 1952 538 1992 paret
558 1941 687 1980 etiam
709 1940 864 1981 Sodam
886 1953 939 1980 ex
959 1939 1023 1979 his
1053 1939 1203 1993 plantis
1241 1941 1465 1992 praecipue
1499 1938 1758 1992 diffipatione
1793 1938 1901 1981 acidi

425 2002 528 2044 Salis
549 2033 559 2053 ‚
594 2017 668 2056 per
688 2005 1022 2045 combustionem
1042 2014 1083 2044 et
1102 2004 1423 2044 calcinationem
1444 2033 1456 2052 ‚
1492 2001 1614 2042 effici.

586 2134 620 2182 ξ.
661 2143 730 2182 17.
800 2131 1030 2185 Hucusque
1074 2131 1286 2181 Nati-um,
1327 2131 1441 2185 quod
1486 2129 1730 2172 inexhausta
1765 2143 1896 2186 paene

425 2197 546 2251 copia
574 2197 682 2237 intra
699 2196 873 2250 Imperii
902 2195 1003 2236 fines
1024 2197 1208 2236 occurrit
1233 2196 1291 2251 (ξ.
1312 2210 1354 2246 4.
1381 2202 1417 2244 ς’.
1441 2192 1508 2249 6.)
1528 2226 1538 2245 ,
1574 2196 1771 2250 quodque
1789 2195 1896 2237 diffi-

409 2263 591 2316 ·patione
620 2260 834 2301 acidorum
855 2292 866 2305 ,
903 2273 1007 2313 quae
1035 2269 1198 2315 partem
1230 2262 1316 2299 eius
1347 2259 1388 2299 in
1408 2257 1477 2299 Sal
1508 2259 1696 2301 mirabile
1717 2269 1760 2301 et
1777 2272 1895 2301 com-

421 2339 551 2369 mune
586 2335 792 2368 mutatam
826 2325 1041 2376 retinent,
1076 2337 1156 2379 pro
1188 2323 1324 2368 lubitu
1359 2322 1558 2375 libcrari,
1595 2333 1718 2380 atque
1751 2323 1897 2379 perfici

1136 2403 1141 2407 ·
1754 2387 1896 2443 potest
