2029 2750
863 168 979 222 ”50:ss
1044 164 1060 223 )
1096 169 1124 207 6
1157 164 1171 222 (
1236 165 1349 218 geg«-

321 279 329 286 '
380 281 520 326 finitos
556 281 720 330 modos,
756 281 903 335 quibus
939 280 1279 323 obseruationum
1314 291 1473 320 errores
1503 277 1747 331 contingere
1765 288 1843 331 po-

382 354 562 395 tuerunt,
598 346 631 385 is
667 344 895 399 seligendus
931 344 1000 395 fit,
1036 345 1106 399 qui
1141 344 1331 384 maximo
1364 342 1664 397 probabilitatis
1699 341 1841 394 gradu,

380 424 458 466 pro
492 410 657 462 integro
690 408 1027 450 obseruationum
1062 406 1290 459 complexu
1311 436 1322 454 ,
1356 407 1531 447 donatus
1566 406 1699 446 fuerit.

478 472 680 526 Regulam
715 473 822 513 hanc
858 485 983 525 quam
1018 480 1212 523 propouo
1247 468 1358 508 vltro
1403 470 1623 510 admittent
1665 479 1810 507 omnes
1831 497 1842 518 ,

383 535 412 576 fi
447 537 577 576 modo
611 548 689 589 pro
724 535 868 587 quauis
913 532 1200 572 obseruatione
1243 532 1543 584 probabilitatis
1587 532 1736 586 gradus
1780 544 1844 570 ra-

385 599 499 639 tione
533 599 688 651 puncti,
725 598 836 649 quod
872 608 949 648 pro
982 607 1086 634 vero
1122 594 1347 643 assumitur,
1367 593 1528 634 definiri
1547 596 1677 648 possit.
1713 593 1845 646 Equi-

384 661 480 701 dem
516 661 644 700 libens
681 658 824 708 fateor,
862 658 968 699 hanc
1003 658 1256 711 postremam
1292 657 1578 697 conditionem
1612 657 1723 697 haud
1767 656 1844 696 effe

384 724 721 772 determinatam,
756 721 877 762 fimul
911 731 1050 761 autem
1088 721 1191 761 mihi
1226 720 1465 774 persuadeo,
1502 733 1585 760 non
1605 720 1681 760 effe
1701 720 1844 760 omnia

383 788 553 839 perinde
587 788 769 835 incerta,
802 795 923 838 atque
958 786 1131 825 meliora
1164 785 1250 824 dari
1285 785 1410 837 posse,
1431 797 1555 836 quam
1590 796 1694 836 quae
1728 798 1750 823 a
1784 797 1846 824 re-

383 851 479 903 gula
513 850 796 890 communiter
840 859 1004 902 recepta
1038 849 1245 901 expectari
1281 847 1459 901 possint,
1502 848 1741 896 videamus,
1776 859 1847 886 an-

386 926 471 955 non
507 914 709 966 quaedam
745 913 832 952 iure
869 914 1020 953 merito
1070 912 1275 966 praesumi
1310 911 1484 951 debeant
1518 912 1560 950 in
1604 910 1684 950 hoc
1730 921 1847 962 argu-

387 988 555 1026 mento,
588 989 691 1030 quae
728 988 811 1016 non
857 976 961 1016 nihil
1004 976 1052 1016 ad
1100 977 1303 1016 maiorem
1338 974 1672 1028 probabilitatem
1708 971 1847 1013 confe-

387 1050 489 1081 rant.
559 1041 751 1082 Examen
788 1041 985 1094 incipiam
1022 1054 1044 1078 a
1077 1039 1412 1092 generalioribus,

483 1107 516 1158 ξ.
556 1114 594 1153 ς.
630 1103 672 1144 Si
708 1104 952 1144 innumeros
986 1102 1117 1143 veluti
1154 1104 1281 1142 iaetus
1317 1101 1459 1142 fecerit
1494 1100 1721 1154 sagittarius
1743 1129 1752 1147 ,
1798 1098 1847 1139 de

388 1178 474 1220 quo
509 1170 540 1217 §.
581 1179 619 1215 3.
656 1168 783 1207 verba
817 1165 895 1206 feci
917 1198 928 1216 ,
963 1176 1003 1206 et
1037 1166 1205 1219 quidem
1241 1179 1387 1206 omnes
1423 1174 1512 1205 tota
1545 1163 1625 1212 sua,
1660 1175 1741 1215 qua
1758 1160 1850 1215 pol-

387 1224 445 1270 let
466 1259 478 1279 ,
513 1230 738 1281 industria,
773 1229 940 1282 sagittae
975 1229 1124 1270 ferient
1160 1229 1289 1270 modo
1323 1229 1488 1268 fasciam
1532 1227 1713 1281 primam
1759 1236 1848 1265 me-

386 1303 451 1334 tae
501 1293 774 1347 proximam,
826 1292 955 1331 modo
1007 1292 1256 1341 secundam,
1307 1292 1436 1332 modo
1487 1291 1654 1331 tertiam
1693 1298 1744 1328 -et
1796 1287 1849 1327 sic

388 1364 530 1410 porro,
550 1357 672 1407 idque
706 1356 877 1409 perinde
912 1354 1230 1408 intelligendum
1266 1355 1321 1394 est
1355 1355 1405 1394 de
1438 1363 1618 1405 vtroque
1652 1353 1778 1392 latere
1799 1363 1848 1390 an

388 1419 539 1459 dextro
574 1431 624 1457 an
660 1419 847 1469 sinistr03
899 1430 1037 1458 annon
1073 1431 1147 1472 per
1198 1417 1235 1459 se
1270 1418 1429 1459 clarum
1464 1417 1521 1456 est
1543 1446 1554 1465 ,
1590 1424 1708 1456 tanto
1750 1414 1851 1454 deu-

389 1483 514 1523 fiores
549 1490 588 1522 et
623 1480 925 1533 frequentiores
959 1479 1282 1534 praesumendos
1325 1481 1404 1520 esse
1456 1480 1558 1520 ierus
1610 1479 1651 1518 in
1702 1490 1849 1518 vuam-

390 1545 581 1599 quamuis
615 1544 795 1591 fasciam,
816 1554 973 1596 quanto
1007 1544 1178 1598 propius
1214 1541 1314 1583 hacc
1350 1542 1473 1583 suerit
1507 1542 1638 1594 posita
1672 1538 1852 1581 ameta?

390 1609 419 1648 fi
451 1621 599 1649 omnes
635 1609 676 1648 in
711 1607 837 1663 plano
872 1607 1011 1651 cresto
1047 1607 1128 1648 loci
1163 1617 1374 1658 vtcunque
1419 1619 1443 1644 a
1493 1613 1605 1644 meta
1655 1605 1849 1644 distantes

390 1673 519 1713 essent
552 1684 682 1724 aeque
712 1663 907 1725 expositi,
928 1669 1032 1710 nihil
1051 1669 1207 1711 valeret
1236 1669 1513 1710 dexterrimus
1534 1667 1734 1708 iaculator
1751 1673 1850 1721 prae

390 1748 531 1778 caeco.
600 1735 646 1775 ld
697 1745 837 1775 tamen
875 1734 1055 1775 statuunt
1088 1735 1241 1783 tacite,
1275 1734 1346 1786 qui
1381 1731 1522 1786 regula
1540 1740 1714 1788 vtuntur
1732 1743 1850 1770 com=

392 1800 509 1839 muni
546 1799 586 1839 in
623 1797 880 1840 aestimandis
915 1797 1039 1838 variis
1091 1796 1444 1838 obseruationibus
1496 1793 1851 1848 discrepantibus,

393 1863 559 1914 quando
595 1863 710 1902 nullo
744 1862 979 1904 discrimine
1014 1873 1161 1903 omnes
1197 1859 1361 1901 habent.
1431 1858 1525 1899 Hoc
1560 1859 1686 1911 igitur
1721 1856 1851 1897 modo

391 1925 514 1965 Vnius
550 1926 729 1965 cuiusuis
765 1925 1033 1968 aberrationis
1069 1925 1215 1978 gradus
1245 1922 1541 1977 probabilitatis
1571 1935 1597 1963 α
1640 1919 1851 1976 posteriori

395 1989 660 2028 determinari
699 1989 953 2040 aliquatenus
989 1989 1148 2041 posset,
1200 2000 1295 2028 cum
1331 1987 1501 2029 dubium
1547 1997 1632 2025 non
1676 1983 1723 2023 s1t
1773 1995 1851 2036 pro

394 2058 553 2104 magno
586 2051 765 2091 iac‘iuum
802 2061 1008 2100 numero,
1044 2053 1142 2102 quin
1180 2051 1446 2105 probabilitas
1482 2048 1529 2090 fit
1564 2053 1610 2087 vt
1654 2058 1848 2087 numerus

393 2116 575 2156 iaecuum
611 2114 932 2168 impingentium
968 2113 1008 2155 in
1044 2111 1208 2154 fasciam
1243 2114 1290 2154 ad
1326 2114 1463 2153 datam
1499 2125 1522 2151 a
1555 2120 1669 2152 meta
1702 2111 1851 2150 distan-

392 2179 496 2219 tiam
532 2178 718 2231 positam.

490 2242 622 2282 Porro
657 2253 739 2280 non
775 2240 831 2280 est
865 2239 1069 2290 dubium,
1121 2240 1218 2295 quin
1264 2239 1449 2280 maxima
1501 2239 1706 2279 aberratio
1759 2239 1849 2278 suos

392 2305 551 2351 h'abeav
583 2304 737 2347 limites
767 2334 779 2354 ,
823 2314 942 2357 quos·
970 2315 1183 2359 nunquam
1229 2303 1550 2358 transgrediatur
1592 2311 1635 2343 et
1678 2293 1849 2356 quidem

475 2392 478 2395 -
1730 2375 1848 2405 tauto
