2029 2750
606 135 724 190 »ἓὸἶέ
786 131 981 192 >219(
1047 131 1162 184 232!-

282 255 330 296 In
366 249 604 296 vniuersum
639 248 835 301 plantae,
872 247 954 286 hoc
988 244 1283 297 experimento
1315 237 1400 282 An.
1431 247 1552 287 1770
1582 247 1625 280 et

160 330 296 370 1771.
327 328 482 370 magno
509 324 689 353 numero
717 319 862 351 enatae
881 339 891 358 ,
927 321 1025 348 cum
1045 309 1125 347 illis
1147 307 1257 360 Exp.
1279 306 1310 345 1.
1329 303 1452 359 plane
1472 315 1626 342 conue-

156 384 338 425 niebant.
407 378 547 420 Flores
577 375 773 428 equidem
802 373 1105 426 plerorumque
1133 370 1256 411 huius
1275 367 1491 419 Hybridae
1520 365 1630 405 indi-

157 458 398 503 viduorum,
432 463 487 493 ex
506 459 654 490 natura
674 448 736 498 0²,
766 446 1033 500 augustiores,
1056 457 1185 499 quam
1203 439 1376 500 Digitval.
1409 425 1563 509 {ffipffr‘
1576 452 1632 505 3⁵:
1653 470 1655 473 .

157 531 341 586 exceptis
361 528 522 569 duobus
542 523 851 578 exemplaribus
872 551 883 570 ,
918 532 1100 574 quorum
1124 520 1248 559 flores
1268 515 1365 556 huic
1386 511 1630 569 amplitudi-

153 601 210 638 'ne
236 596 319 636 fere
342 590 528 644 aequales
548 598 685 630 erant:
720 600 742 627 e
760 598 846 640 quo
866 593 1089 624 momento
1106 579 1306 635 Digitalis
1325 576 1486 632 Thapsi
1507 576 1628 617 nath-

155 670 245 702 ram
274 654 345 698 sub
372 655 541 696 climate
570 653 709 692 nostro
737 648 943 702 frigidiori
969 649 1012 688 in
1040 647 1157 687 istam
1179 642 1376 697 Digitalis
1395 652 1630 695 purpureae

153 716 275 764 facile
304 719 534 773 transgredi
557 748 568 767 ,
603 712 922 769 quodammodo
949 710 1096 750 elucet.
1165 707 1261 748 Hoc
1281 714 1423 746 tamen
1443 715 1529 744 non
1553 702 1630 743 ob-

156 787 286 828 stante
306 815 316 834 ,
352 783 522 824 inferior
549 779 732 821 corollae
752 776 904 817 lacinia
923 773 1009 814 fere
1027 774 1070 813 in
1091 769 1287 812 omnibus
1308 768 1475 822 longior
1494 765 1632 808 adhuc

154 858 264 902 mihi
290 855 378 898 visa
404 854 490 904 est,
525 864 652 907 quam
678 851 722 890 in
747 847 879 902 Digit.
927 833 1130 916 {ffipffiss'
1167 843 1352 886 floribus.

290 950 573 996 Florescentia
599 947 752 988 harum
778 943 1019 998 plantarum
1042 953 1065 980 a
1083 939 1226 981 medio
1249 935 1360 980 Iunii
1375 934 1420 977 in
1439 926 1632 991 Septem-

158 1020 280 1063 brem
312 1027 444 1071 vsque
479 1012 657 1056 durauit.

574 1099 1079 1149 EXPERIMENTVM
1127 1098 1204 1142 ΙΙΙ.
1279 1107 1284 1110 “

599 1167 776 1223 Digital.
812 1165 1011 1218 ferrugin.
1047 1162 1091 1211 ῼ.
1139 1173 1141 1175 ·

578 1230 778 1285 ‘DigitaL
814 1229 1020 1282 ambigua.
1058 1226 1118 1269 0⁷¹.
1186 1220 1277 1277 (b)

539 1296 623 1338 An.
667 1297 801 1343 1767.
836 1293 874 1331 d.
913 1295 952 1330 6.
989 1290 1101 1343 Aug.
1139 1286 1249 1327 Flor.
1288 1297 1328 1335 3.

664 1367 799 1407 1772.
835 1355 872 1395 d.
913 1366 951 1403 3.
987 1374 1087 1382 ———
1121 1373 1226 1383 —--
1266 1362 1336 1390 12.

607 1422 662 1463 ib.
697 1420 851 1475 postea.
870 1419 909 1459 d.
934 1426 972 1461 8.
991 1415 1101 1469 Aug.
1123 1437 1219 1444 —-
1240 1414 1348 1468 plur.

684 1523 1115 1603 Descriptio.

312 1618 431 1666 Tota
464 1618 606 1676 planta
639 1615 778 1657 minus
812 1613 982 1669 glabra„
1030 1621 1159 1664 quam
1191 1605 1221 1657 ῼ
1242 1637 1255 1659 ,
1305 1605 1439 1661 magis
1490 1600 1631 1657 vero}

162 1699 291 1746 quam
328 1687 389 1732 θ’.

160 1762 354 1815 CAVLIS
373 1763 538 1805 tenuior
565 1767 687 1812 atque
713 1752 865 1797 flexilis
892 1751 1039 1807 magis,
1075 1758 1204 1806 quam
1231 1745 1277 1798 ῼ,
1312 1743 1478 1787 eraffior
1505 1755 1552 1785 ac
1572 1740 1630 1785 ri-

291 1828 455 1883 gidior,
490 1836 616 1879 quam
652 1822 712 1865 0⁷¹.

165 1919 332 1975 FOLIA
351 1920 598 1967 lanceolata,
615 1917 774 1971 vixque
791 1910 1046 1956 denticulata
1063 1909 1132 1952 vel
1150 1908 1286 1950 obiter
1303 1913 1490 1946 tantum:
1509 1902 1632 1962 latio·

295 2002 339 2030 ra
359 2019 370 2038 ,
413 1984 606 2027 breuiora
626 2011 637 2031 ‚
681 1980 896 2027 acutiora,
933 1975 1143 2017 teneriora
1180 1971 1410 2023 laetiusque
1442 1964 1623 2022 viridia}

298 2064 427 2107 quam
446 2049 475 2099 ῼ
489 2079 500 2099 ,
535 2045 603 2088 sed
621 2043 858 2100 angustiora
875 2072 887 2092 ,
921 2039 1116 2093 longiora
1134 2067 1146 2089 ,
1180 2034 1391 2078 obtufiora
1409 2062 1421 2083 ,
1455 2031 1630 2086 rigidio-

855 2104 895 2151 E
913 2117 938 2146 e
975 2116 1001 2143 2
1580 2106 1626 2132 ra

180 2195 1617 2230 Μ

216 2280 296 2332 (ῙᾸ)
323 2279 440 2316 ῙῘῖῐῑι.
470 2278 551 2314 Hist.
579 2282 660 2327 stirp.
690 2277 792 2314 Toni.
819 2276 848 2312 12
874 2290 906 2325 p.
937 2287 1016 2319 143.
1051 2286 1079 2308 n.
1112 2281 1193 2314 331.
1214 2274 1252 2305 it.
1278 2263 1449 2301 Mvssitm
1472 2256 1625 2296 influit.

388 2329 608 2377 Goettigenfi.
