2029 2750
608 155 723 210 »2013
788 156 927 214 >235
977 150 990 209 (
1048 153 1162 205 &3⁵3⁴-

154 284 359 323 trunc-us,
395 273 522 319 aden,
556 278 605 309 vt
640 279 738 308 eum
774 270 815 306 in
852 268 952 306 duas
988 264 1110 305 fibras
1148 263 1314 314 crassas,
1349 263 1434 305 fere
1469 271 1620 305 teretes

152 339 344 385 diuidat,
397 334 519 385 longe
564 330 769 383 separatas
815 343 839 369 a
884 329 923 368 se
968 329 1182 376 inuicem,
1244 329 1355 368 inter
1399 341 1500 381 quas
1536 327 1621 381 ipse

154 412 327 443 truncus
367 405 586 437 extremus
632 405 730 433 cum
776 392 847 432 suo
899 391 1064 432 orificio
1116 391 1504 444 comprehenditur.
1573 391 1623 431 In

156 465 247 505 aliis
282 472 421 503 autem
458 456 707 512 corporibus
745 457 850 496 inter
885 457 1043 496 dictum
1079 454 1350 504 fasciculum,
1387 456 1460 508 qui
1503 454 1623 496 orifi—

156 529 269 569 cium
320 522 523 565 venosum
576 520 799 576 ventri-culi
835 519 994 570 efficit,
1031 521 1245 572 integrum
1283 516 1421 574 (49.)
1467 529 1508 560 et
1552 533 1625 573 pe—

156 590 356 633 culiarem
390 587 539 627 fibram
575 584 850 625 muscularem
896 581 1065 639 (81.)‚
1118 582 1209 622 satis
1257 584 1424 623 crassam
1446 613 1456 633 ,
1508 583 1625 624 fasci-

154 653 251 694 culo
285 653 481 696 additam,
517 649 623 689 hauc
665 650 804 689 trunci
822 648 1138 688 extremitatem
1159 646 1508 700 comprehensam
1543 646 1624 702 effe

155 717 305 770 reperi,
373 715 574 767 Tumque
612 713 714 753 fibra
747 727 770 752 a
801 711 955 766 papilla
989 711 1170 764 quadam
1205 708 1329 766 (78.)
1364 711 1468 750 oriri
1503 710 1619 764 solet,

154 794 262 834 quae
295 778 490 820 fasciculo
525 777 731 818 adhaeret.

289 875 387 917 Siue
423 887 529 916 vero
564 873 667 915 fibra
701 873 749 914 fit
786 873 924 914 addita
968 872 1192 921 fascicu10‚
1244 873 1327 914 fiue
1373 873 1484 915 inter
1526 874 1629 915 duas

158 940 231 981 fissi
269 939 448 980 fasciculi
484 948 622 992 partes
661 947 831 978 truncus
864 947 1080 978 extremus
1118 938 1382 978 contineatur
1410 967 1421 987 ‚
1453 937 1531 977 hae
1550 937 1630 977 fas-

161 1004 284 1045 ciculi
321 1013 456 1056 partes
477 1032 488 1050 ‚
524 1001 590 1040 vel
625 1001 837 1041 fasciculus
872 1002 1034 1054 integer
1069 1008 1111 1040 et
1155 999 1258 1041 fibra
1303 1001 1474 1051 addita,
1523 1001 1630 1042 sem-

159 1081 235 1123 per
267 1080 387 1107 oram
423 1064 638 1108 efficiunt,
673 1063 741 1103 seu
777 1064 956 1104 limbum
984 1094 994 1113 ‚
1031 1076 1116 1118 quo
1160 1065 1373 1104 orificium
1417 1066 1629 1118 cingitur,

159 1142 203 1172 et
235 1131 351 1170 cuius
388 1128 559 1168 alteram
596 1137 763 1181 partem
800 1128 1057 1181 superiorem
1094 1137 1136 1167 et
1169 1129 1443 1181 posteriorem
1465 1159 1475 1176 ,
1521 1141 1632 1180 quae

161 1209 184 1234 a
217 1193 321 1234 fibra
356 1192 562 1231 formatur
598 1188 739 1245 (81.)
761 1221 771 1239 ‚
808 1192 1056 1245 distinguere
1091 1191 1189 1232 licet
1225 1206 1247 1231 a
1281 1201 1400 1245 parte
1422 1192 1632 1241 inferiori,

163 1271 268 1311 quae
305 1272 327 1296 a
362 1253 557 1296 fasciculo
592 1252 775 1294 efficitur
811 1253 957 1309 (49.).
1027 1255 1102 1295 Illa
1137 1256 1375 1295 communis
1420 1256 1476 1296 est
1521 1257 1632 1296 inter

166 1320 379 1361 orificium
416 1330 547 1357 venae
583 1318 826 1358 coronariae
862 1331 1036 1371 magnae
1072 1329 1114 1360 et
1150 1318 1362 1360 orificium
1397 1331 1527 1360 venae
1562 1334 1630 1360 ca-

161 1396 240 1424 vae
277 1382 494 1422 inferioris.
564 1380 680 1420 Haec
717 1381 905 1422 fimiliter
941 1395 1059 1423 oram
1096 1395 1372 1423 communem
1407 1384 1538 1424 efficit
1568 1385 1632 1423 in-

164 1457 226 1488 ter
262 1459 392 1487 venae
430 1445 672 1485 coronariae
707 1444 919 1485 orificium
955 1456 996 1485 et
1042 1445 1257 1486 orificium
1291 1445 1496 1486 venosum
1531 1459 1633 1487 ven-

166 1511 308 1551 triculi
345 1510 494 1550 dextri.
562 1507 741 1547 Proinde
777 1507 886 1548 sedes
924 1508 1076 1549 orificii
1113 1521 1242 1549 venae
1279 1511 1523 1550 coronariae
1543 1523 1633 1550 ma-

165 1588 270 1628 gnae
323 1572 558 1614 accuratius
612 1584 722 1611 nunc
770 1572 1038 1612 determinari
1073 1572 1220 1626 potest.
1289 1572 1493 1627 Aperitur
1528 1573 1632 1614 haec

163 1650 272 1678 vena
307 1639 414 1677 inter
450 1635 532 1689 ipsa
567 1635 650 1676 duo
686 1636 904 1685 maxima,
940 1649 1046 1689 quae
1083 1637 1126 1676 in
1162 1637 1297 1676 finum
1334 1637 1533 1677 dextrum
1563 1636 1629 1676 hi—

165 1712 260 1752 ant,
297 1701 487 1747 orificia,
524 1700 632 1739 inter
667 1699 879 1740 orificium
916 1712 1048 1740 venae
1083 1713 1209 1740 cauae
1243 1699 1452 1740 inferioris
1489 1709 1530 1739 et
1549 1700 1634 1739 ori-

163 1764 309 1806 ficium
344 1763 547 1805 venosum
582 1763 809 1804 ventriculi
846 1764 1006 1813 dextri,
1043 1777 1219 1817 eamque
1253 1764 1297 1803 in
1333 1764 1469 1817 specie
1503 1758 1634 1804 huius

167 1837 355 1880 partem,
391 1828 459 1866 cui
494 1826 661 1868 valuula
696 1827 797 1881 septi
834 1825 972 1884 (28.)
1008 1828 1242 1882 respondet.
1506 1825 1508 1827 ’

296 1923 459 1964 Deinde
496 1922 564 1964 illa
597 1937 670 1965 ora
704 1927 944 1966 communis
981 1927 1089 1965 inter
1124 1924 1336 1966 orificium
1382 1937 1514 1968 venae
1560 1937 1632 1966 co·
1672 1934 1680 1939 ·

169 1989 357 2028 ronariae
393 1997 434 2028 et
469 1999 599 2028 venae
634 2001 760 2028 cauae
796 1989 1001 2029 inferioris
1037 1990 1133 2030 ideo
1168 2003 1338 2044 quoque
1375 1991 1510 2031 notari
1547 2001 1636 2030 me-

172 2061 315 2101 retur,
369 2051 480 2104 quod
533 2052 700 2092 valuula
752 2051 964 2093 Eustachii
1016 2055 1283 2094 extremitate
1329 2055 1398 2096 sua
1433 2055 1633 2095 anteriori

172 2112 313 2168 (90.)
347 2117 486 2156 eidem
525 2128 620 2155 orae
657 2115 862 2156 adhaeret.
932 2117 978 2157 In
1015 2117 1128 2157 foetu
1152 2149 1163 2168 ‚
1215 2118 1285 2158 vbi
1321 2118 1422 2159 haec
1468 2117 1632 2157 valuula

173 2178 310 2217 maio'r
343 2181 421 2229 est,
456 2181 700 2220 extremitas
736 2180 823 2220 eius
860 2181 1045 2220 anterior
1080 2180 1200 2235 super
1234 2191 1367 2221 totam
1403 2182 1520 2220 limbi
1541 2180 1632 2220 lon-

172 2241 404 2293 gitudinem
449 2243 661 2292 decurrit,
712 2253 755 2283 et
798 2244 839 2283 in
886 2257 1031 2285 arcum
1075 2258 1206 2295 vsque
1252 2244 1493 2292 adscendit,
1547 2255 1632 2295 quo

175 2303 389 2346 orificium
422 2316 552 2344 venae
589 2317 715 2346 cauae
765 2306 975 2348 inferioris
1026 2308 1221 2349 dextrum
1268 2307 1450 2360 superius
1502 2307 1637 2360 cingi-

856 2368 892 2410 G
912 2383 938 2423 g
975 2383 1001 2409 2
1565 2381 1631 2413 tur
