2029 2750
612 155 725 208 »22:ss
789 150 803 209 )
843 149 984 208 295(
1048 128 1163 205 22:⁶24<-

161 284 239 326 que
285 281 368 310 non
422 266 552 310 solum
589 262 760 305 annulus
797 265 862 305 sed
899 265 1024 305 etiam
1061 266 1144 318 ipse
1178 264 1380 308 ‚Saturnus
1416 250 1621 323 aspectum

161 336 345 376 nostrum
381 328 582 385 effugerit.

307 431 340 479 ξ.
382 430 449 466 16.
521 423 842 467 Consideremus
879 437 988 467 nunc
1026 435 1220 481 tempus,
1267 427 1380 480 quod
1415 428 1497 469 hoc
1533 442 1626 471 mo-

158 502 350 536 mentum
386 489 624 543 praecessit,
675 490 745 528 vbi
780 490 980 530 Saturnus
1017 491 1150 531 adhuc
1186 500 1274 530 erat
1308 492 1350 530 in
1386 504 1436 541 s,
1487 493 1624 534 Terra

157 569 260 598 vero
293 557 336 594 in
370 568 419 601 α,
455 566 500 593 ac
537 553 797 594 manifestum
834 555 912 603 est',
948 565 1001 594 ex
1037 555 1117 595 hoc
1154 555 1249 594 loco
1285 555 1485 596 annulum
1522 570 1623 597 con-

155 620 253 673 spici
289 617 480 665 debuisse,
516 618 572 656 ita
606 627 653 657 vt
687 618 898 671 disparitio
934 619 1073 658 annuli
1110 620 1421 672 propemodum
1456 621 1499 659 in
1520 633 1621 660 con·-

154 683 410 723 iuuetionem
446 680 614 721 Saturni
650 693 745 721 cum
782 681 879 721 Sole
916 683 1098 722 incidisse
1133 682 1180 721 fit
1226 682 1437 723 censenda.
1507 683 1620 724 Post-

154 759 281 800 quam
318 758 418 785 vero
453 745 590 785 Terra
619 757 679 785 -ex
713 760 740 786 α
774 747 1012 798 processerit
1035 776 1046 794 ‚
1082 745 1213 785 veluti
1247 747 1289 785 in
1326 749 1380 801 β,
1416 746 1621 788 Saturnus

150 811 383 865 progreffus
418 809 495 850 erit
529 810 571 848 in
607 822 650 857 σ,
687 822 772 862 quo
807 822 909 863 ergo
944 809 1040 849 loco
1075 809 1248 849 annulus
1284 809 1431 850 faciem
1463 811 1619 852 illumi·

152 884 292 914 natam
312 873 469 914 Terrae
505 873 912 926 obuertitsideoque
949 873 1129 927 conspici
1159 874 1312 925 debuit,
1345 885 1546 927 quatenus
1565 874 1619 915 ob

153 939 411 978 vicinitatem
458 937 565 977 Solis
614 937 854 990 contingere
889 938 1040 990 potuit.
1106 936 1176 976 Ab
1213 938 1294 976 hoc
1331 946 1474 977 autem
1511 948 1619 978 tem-

153 1014 255 1056 pore
290 1002 463 1040 annulus
500 1000 742 1052 conspicuus
780 1011 946 1038 manere
981 999 1122 1039 debuit
1142 1008 1228 1039 tam
1248 1000 1332 1046 diu,
1354 1000 1486 1040 donec
1506 1000 1619 1041 Ter-

150 1080 197 1107 ra
240 1065 477 1119 peruenerit
512 1064 553 1102 in
590 1073 634 1110 t,
670 1061 870 1102 Saturnus
916 1075 1016 1102 vero
1052 1064 1093 1101 in
1129 1061 1171 1109 S,
1207 1064 1264 1101 ita
1298 1072 1346 1101 vt
1380 1064 1492 1102 recta
1528 1062 1617 1104 SA

150 1129 273 1169 fuerit
317 1127 389 1179 ipsi
425 1125 523 1170 ΘΑ
560 1125 778 1179 paranda,
833 1127 942 1165 circa
977 1125 1088 1176 quod
1125 1134 1290 1178 tempus
1326 1126 1452 1177 igitur
1487 1139 1619 1167 annu-

150 1193 213 1232 lus
248 1190 450 1243 disparere
486 1190 535 1230 de
582 1190 678 1229 hinc
732 1201 832 1228 vero
880 1189 1167 1241 inconspicuus
1222 1201 1389 1228 manere
1441 1189 1618 1240 debuit,

150 1257 283 1296 donec
318 1254 455 1293 Terra
490 1253 694 1305 appulerit
729 1252 777 1290 ad
812 1253 1012 1306 punctum
1049 1262 1096 1300 t,
1131 1264 1216 1304 quo
1260 1253 1356 1292 loco
1401 1253 1616 1305 disparitio

151 1317 454 1360 terminabitur.
523 1315 793 1356 Postmodum
829 1317 941 1356 enim
962 1346 972 1364 ‚
1008 1317 1108 1355 dum
1145 1326 1230 1355 tam
1265 1314 1465 1356 Saturnus
1486 1329 1615 1370 quam

150 1382 288 1423 Terra
336 1380 498 1433 longius
534 1378 883 1432 progredientur,
920 1379 1093 1420 annulus
1128 1388 1331 1433 perpetuo
1367 1378 1616 1433 conspicuus

152 1446 370 1489 manebit,
405 1454 445 1483 et
479 1443 647 1496 quidem
683 1443 885 1481 continuo
922 1443 1071 1482 clarior
1105 1453 1146 1482 et
1190 1443 1343 1494 largior
1388 1454 1614 1494 cernetur,

153 1509 287 1563 quoad
323 1507 490 1548 tandem
524 1505 614 1559 post
654 1519 712 1555 14
746 1517 875 1545 annos
912 1506 1077 1545 circiter
1112 1505 1154 1543 in
1189 1503 1331 1544 locum
1367 1497 1610 1559 oppositum

149 1575 193 1627 gg
227 1570 441 1612 deferetur.
509 1568 674 1609 Verum
709 1567 778 1609 hic
814 1568 945 1622 probe
999 1567 1341 1622 perpendendum
1366 1574 1369 1578 '
1393 1571 1449 1610 est
1471 1600 1481 1619 ,
1535 1580 1613 1609 nos

152 1636 308 1677 nullam
345 1633 476 1674 adhuc
511 1633 718 1673 rationem
753 1631 934 1673 habuisse
970 1632 1197 1672 latitudinis
1252 1630 1455 1681 Saturni,
1507 1643 1613 1684 quae

147 1700 228 1741 hoc
264 1710 454 1751 tempore
490 1697 581 1737 satis
618 1706 705 1736 erat
740 1696 952 1745 notabilis,
990 1696 1145 1736 scilicet
1179 1695 1343 1734 circiter
1390 1698 1464 1743 20,
1499 1694 1614 1734 vnde

148 1763 442 1817 phoenomena
497 1770 730 1801 memorata
773 1759 882 1801 haud
930 1761 1126 1813 exiguam
1172 1759 1476 1799 correctionem
1521 1758 1615 1799 exi-

143 1836 256 1880 gent,
292 1838 391 1877 quas
426 1825 553 1876 igitur
587 1823 782 1878 deinceps
817 1823 1121 1878 inuestigemus.

296 1922 328 1969 ξ.
372 1931 440 1967 17.
507 1918 621 1959 Ante
666 1930 803 1961 autem
840 1933 966 1974 quam
1001 1918 1109 1959 hanc
1145 1919 1509 1973 inuestigationem
1543 1912 1706 1973 su-Tab·
1740 1912 1820 1950 ΧΠ·

147 1985 363 2039 scipiamus
386 2013 396 2032 ,
448 1982 784 2035 contemplemur
829 1985 961 2024 etiam
997 1983 1250 2036 positionem
1287 1982 1455 2025 Saturni
1491 1995 1610 2036 prae·
1645 1962 1721 2012 mg·
1758 1969 1792 2000 ὅ·

149 2049 378 2093 cedentem,
415 2045 482 2085 vbi
520 2059 594 2099 per
629 2046 804 2087 alterum
841 2046 998 2088 nodum
1034 2047 1175 2087 annuli
1211 2046 1380 2087 transsit.
1428 2045 1606 2088 Calculo

150 2121 282 2150 autem
337 2110 522 2149 instituto
572 2107 791 2162 longitudo
838 2111 1149 2151 Heliocentrica
1193 2109 1361 2151 Saturni
1405 2110 1609 2163 reperitur

149 2172 259 2212 fuisse
294 2173 459 2213 circiter
499 2173 594 2222 11⁵¹,
634 2177 722 2222 17⁰,
757 2173 887 2213 Anno
927 2178 1060 2223 1760.
1096 2171 1184 2214 Ian.
1226 2185 1294 2213 10.
1329 2186 1414 2224 quo
1446 2181 1609 2223 tempo-

148 2249 190 2275 re
226 2235 441 2287 longitudo
475 2234 636 2276 Terrae
669 2235 746 2277 fuit
784 2238 849 2286 3⁵·‚
889 2241 968 2277 20⁰.
1021 2236 1165 2290 Quare
1201 2235 1242 2274 in
1280 2232 1365 2286 Fig.
1388 2237 1427 2272 6.
1465 2234 1608 2273 Satur·

147 2312 220 2338 nus
257 2297 513 2351 concipiatur
547 2299 590 2337 in
625 2300 779 2352 punito
812 2300 863 2349 B,
886 2300 1092 2353 fueritque
1126 2297 1263 2338 Terra
1296 2297 1377 2337 hoc
1414 2306 1607 2350 tempore

1562 2370 1607 2398 m
