2029 2750
895 139 1010 191 »ἓξὲξ
1077 136 1270 195 >mi-4(
1335 138 1451 190 ἔθ’-ἐ·-

436 269 513 312 per
561 255 702 297 cordis
755 252 1018 308 superficiem
1072 252 1326 300 distributiS‚
1379 250 1724 306 producerentur.
1813 251 1909 295 Nec

432 320 598 377 longine
635 319 794 368 abesset,
828 320 931 372 quin
964 316 1096 370 ruptis
1133 317 1251 355 venis
1287 328 1411 356 cruor
1446 315 1723 368 pericardium
1760 315 1909 369 imple-

433 395 529 434 ret,
572 397 647 424 cor
695 383 1034 436 comprimeret,
1079 381 1252 434 eiusque
1288 389 1456 422 motum
1492 379 1667 421 sistendo
1703 381 1814 419 vitae
1861 374 1911 419 fil-

435 461 532 489 nem
567 447 733 488 faceret.

566 543 681 584 Ante
718 542 878 593 aliquot
915 552 1076 588 annos,
1113 551 1211 579 cum
1247 538 1413 580 leonem
1451 542 1664 590 secarem‚
1717 540 1802 580 eius
1839 553 1910 593 pe-

438 607 666 648 ricardium
717 605 890 657 plenum
935 602 1119 643 mirabar
1153 602 1349 656 sanguine
1385 615 1426 643 et
1462 606 1519 643 ita
1554 605 1806 649 distentum,
1861 613 1910 645 vt

431 669 642 712 horrenda
676 667 965 721 magnitudine
1001 676 1135 706 totam
1174 667 1401 706 cauitatem
1441 666 1626 707 thoracis
1662 677 1917 721 occuparet,

437 734 704 789 pressumque
739 731 874 785 digito
907 730 1067 771 veficae
1101 730 1268 770 inflatae
1304 731 1427 770 instar
1472 731 1700 780 reniteret,
1753 732 1911 772 ventri-

435 797 542 839 culis
579 807 621 839 et
656 795 821 837 finubus
858 795 994 835 cordis
1031 795 1229 848 sanguine
1265 795 1421 835 vacuis,
1450 798 1452 802 '
1481 794 1626 850 (Nou.
1664 792 1909 835 Commcnt.

434 862 569 904 Tom.
606 859 728 901 XVI.
766 873 859 914 pag.
897 858 1039 913 471.)
1110 856 1289 899 Causam
1326 859 1423 899 miri
1459 858 1581 899 huius
1627 858 1795 899 effectus
1842 860 1912 899 deb

438 937 580 980 tegere
616 938 703 965 non
737 933 946 977 pote-ram.
1015 922 1157 976 Ipsum
1194 932 1334 962 tamen
1372 923 1537 963 causam
1575 923 1724 963 mortis
1768 922 1912 974 fuiffe,

439 1004 490 1031 eo
525 988 676 1030 certius
714 987 801 1035 est,
837 999 932 1025 cum
970 987 1207 1035 constaret,
1245 987 1398 1027 animal
1434 987 1652 1040 repentine
1687 985 1802 1026 fuiffe
1837 999 1914 1028 ex-

437 1054 645 1095 stinctum.
728 1049 914 1090 Proinde
948 1048 1029 1088 hoc
1068 1048 1199 1088 saltim
1236 1050 1382 1097 vides,
1448 1051 1585 1102 quales
1623 1049 1791 1091 effectus
1826 1051 1915 1091 san-

438 1118 529 1171 guis
565 1114 687 1168 poffit
722 1111 888 1152 efficere
924 1113 968 1150 in
1003 1112 1287 1164 pericardium
1324 1110 1486 1151 effusus.
1557 1113 1601 1152 Si
1638 1115 1761 1153 tantis
1796 1127 1915 1167 prae-

441 1180 549 1222 fidiis
587 1186 733 1217 natura
768 1175 952 1214 muniuit
987 1173 1198 1214 orificium
1233 1187 1366 1215 venae
1419 1176 1660 1215 coronariae
1708 1188 1881 1230 magnae
1902 1208 1913 1227 ‚

441 1258 515 1285 cur
550 1241 591 1282 id
626 1239 734 1281 faCtu
770 1238 895 1279 fuerit
930 1250 1037 1291 opus
1058 1268 1068 1287 ,
1106 1236 1316 1290 intelligis.
1399 1237 1458 1277 Et
1508 1239 1535 1277 fi
1588 1250 1728 1279 tamen
1762 1241 1804 1280 in
1839 1240 1915 1281 illo

440 1308 618 1349 homine
655 1303 775 1358 supra
810 1311 1050 1342 memorato
1093 1301 1309 1354 plerisque
1359 1299 1424 1339 his
1476 1302 1753 1342 munimentis
1802 1316 1914 1344 vena

441 1373 603 1428 priuata
655 1367 763 1412 fuit,
816 1379 890 1406 cur
941 1375 982 1406 et
1034 1378 1086 1405 nc
1129 1364 1213 1405 hoc
1259 1364 1428 1417 quidem
1465 1364 1652 1414 mirum,
1687 1365 1919 1419 perspicis.)

442 1450 539 1476 cum
591 1432 760 1473 valuul‘a
812 1442 898 1470 non
952 1429 1087 1470 modo
1125 1428 1341 1468 Eustachii
1377 1426 1588 1468 orificium
1625 1429 1812 1478 testum,
1847 1429 1918 1470 sed

438 1499 620 1554 positum
658 1506 827 1549 quoqne
861 1495 904 1532 in
942 1493 1123 1533 cauitate
1159 1504 1290 1532 venae
1326 1504 1451 1531 cauae
1486 1492 1638 1546 procul
1687 1492 1735 1532 ab
1795 1493 1916 1534 omni

427 1560 632 1619 'periculo
666 1559 820 1607 fuerit,
856 1571 879 1597 a
913 1557 956 1596 vi
992 1556 1200 1596 auriculae
1236 1557 1498 1596 imminente.

741 1719 1154 1772 EXPLICATIO
1199 1716 1513 1769 TABVLAE
1549 1717 1617 1769 V..

1091 1820 1178 1875 Εἰς.
1221 1834 1267 1860 1..
1558 1830 1566 1837 ·

576 1913 891 1969 Ventriculus
923 1893 1086 1962 cordis
1118 1910 1293 1960 dexter.
1324 1924 1437 1963 cum
1470 1909 1569 1960 finu
1602 1909 1790 1961 dextro>

1078 1987 1293 2039 aper-tusi

507 2094 545 2123 a.
580 2079 676 2119 Pars
713 2078 848 2118 cordis
883 2076 1167 2118 venrrscusum
1204 2076 1409 2118 finistrum
1446 2076 1676 2116 continens.

508 2143 547 2187 bs.
584 2142 711 2184 Vena
746 2142 977 2180 coronaria.
1024 2138 1221 2194 ‘Arteria'
1261 2140 1482 2181 coronaria
1526 2137 1720 2184 finistra‚.
1762 2135 1911 2178 assti'us

638 2207 752 2247 circa
785 2203 901 2245 bafin·
933 2203 1105 2243 arteriae
1140 2203 1395 2254 pulmonalis
1430 2202 1568 2249 flexa,
1604 2201 1776 2255 propius
1796 2199 1912 2254 septo

647 2270 659 2326 (
676 2268 735 2332 Q
750 2265 839 2331 Q)
875 2277 924 2310 et
950 2265 1197 2323 profundius
1234 2266 1304 2309 sub
1341 2266 1460 2321 adipe
1492 2266 1622 2306 latens
1657 2264 1876 2382 ἀεΐεεᾛ

1715 2341 1748 2371 c.
1819 2351 1823 2354 »
1878 2338 1940 2368 x.
