2029 2750
849 114 966 167 ”8³:ss
1031 107 1226 169 >114(
1291 102 1423 162 &tc-⁴3&

386 227 557 277 tudinis,
592 228 675 269 hoc
704 227 795 268 casu
825 224 934 266 foret
957 226 1173 274 dyzdx.
1241 223 1408 264 Verum
1430 221 1518 262 talis
1540 221 1866 277 repraesentatio

385 293 505 332 omni
526 291 594 332 vsu
616 293 797 333 caritura
816 301 861 331 et
877 291 1068 343 regiones
1083 288 1247 330 Terrae
1267 287 1539 329 vehementer
1558 288 1749 329 distortas
1770 287 1869 329 effet

342 361 345 364 “
387 354 644 400 exhibitura.

521 438 554 486 §.
596 437 667 473 16.
734 433 818 475 Pro
846 434 1054 487 applicata
1081 440 1222 472 autem
1232 446 1264 484 y
1285 433 1409 475 talem
1437 433 1698 475 functionem
1728 429 1875 473 latitu-

388 499 495 539 dinis
516 512 540 540 u
560 499 705 538 assumi
734 498 977 544 conueniet,
995 507 1041 535 vt
1062 494 1189 547 scopo
1208 497 1406 549 cuipiam,
1426 511 1553 552 quem
1575 495 1692 535 nobis
1711 508 1870 549 propo*

388 564 528 603 nimus
560 560 738 602 satisfiat.
807 560 875 600 Ac
903 560 1046 611 primo
1075 560 1246 610 quidem
1275 560 1343 599 hic
1372 563 1558 601 occurrit
1576 561 1647 599 ista
1667 560 1871 610 conditio,

387 638 435 667 vt
463 623 912 680 parallelogrammum
943 624 984 662 in
1006 622 1133 676 plano
1152 621 1326 676 PQRS
1348 623 1479 663 simile
1515 624 1710 664 reddatur
1736 622 1879 676 paral·

388 690 671 743 lelogrammo
687 688 731 726 in
753 687 940 741 Sphaera
953 694 982 741 p
996 701 1019 741 q
1033 699 1099 736 rs,
1118 687 1460 739 quandoquidem
1479 686 1561 726 hoc
1582 688 1710 726 modo
1723 699 1873 727 omnes

388 754 533 796 saltem
554 752 851 807 portiunculae
872 752 1076 791 minimae
1095 751 1137 790 in
1158 749 1373 804 superficie
1393 749 1607 805 sphaerica
1619 748 1875 790 fimilimodo

390 820 434 860 in
454 818 582 873 plano
601 815 927 857 exhibebuntur.
997 815 1144 867 Atque
1164 814 1265 854 haec
1284 814 1339 854 est
1359 814 1442 867 ipsa
1461 813 1529 854 illa
1548 813 1749 861 conditio,
1769 827 1876 867 quae

391 884 437 923 in
466 882 638 935 Mappis
659 879 1023 934 Hydrographici's
1044 878 1092 918 ab
1121 879 1342 919 inuentore
1362 878 1622 919 Mercatoriis
1641 877 1774 926 dietis,
1803 876 1878 916 ob-

394 945 551 987 seruari
580 944 696 991 solet,
734 945 936 997 quoniam
966 944 1058 982 talis
1087 942 1410 995 repraesentatio
1430 940 1721 994 nauigantibus
1740 941 1879 981 maxi-

394 1024 465 1052 ma
494 1006 724 1050 commoda
743 1008 977 1062 suppeditat
996 1036 1006 1055 ,
1043 1018 1168 1058 quem
1205 1018 1306 1058 ergo
1333 1006 1668 1059 repraesentandi
1700 1005 1878 1046 modum

394 1074 581 1116 breuiter
600 1075 832 1114 accuratius
857 1070 1121 1111 euoiuamus..

559 1180 596 1214 1.
630 1165 709 1214 De
742 1162 931 1226 Mappis
968 1157 1390 1224 Hydrographicis
1425 1159 1729 1210 MercatoriS.

530 1246 563 1294 §.
608 1248 675 1283 16.
749 1242 968 1297 Quoniam
987 1276 992 1291 ἶ
1016 1241 1144 1293 igitur
1193 1240 1260 1279 hic
1302 1240 1553 1292 requiritur,
1587 1249 1633 1279 vt
1661 1239 1880 1292 restanguv·

398 1306 490 1348 lum
517 1307 549 1348 P
571 1307 617 1362 Q
635 1307 670 1347 R
690 1306 719 1348 Sr
748 1306 880 1347 firnile
907 1305 981 1345 fiat
1007 1303 1248 1356 reciangulo
1262 1309 1406 1356 pqrs,
1425 1302 1495 1342 vbi
1516 1303 1571 1342 est
1592 1301 1820 1355 Pdeu
1839 1310 1880 1342 et

399 1371 763 1421 Pdetcofiu,
794 1371 847 1411 ob
868 1366 1069 1411 dxzdt
1089 1367 1178 1408 fieri
1208 1366 1330 1406 dedet
1360 1364 1881 1417 dytdtzdutdtcosw,

398 1436 511 1475 vnde
523 1436 734 1487 colligitur
747 1429 936 1499 [ξμς-ἓξ,
950 1432 1135 1484 hincque
1148 1431 1395 1484 integrando
1407 1431 1486 1470 erit
1494 1425 1881 1484 yzltag.(45⁹÷ju),

402 1508 635 1550 Latitudini
666 1506 819 1548 scilicet
849 1517 953 1558 quae
990 1507 1032 1545 in
1064 1505 1234 1557 sphaera
1269 1504 1422 1559 angulo
1451 1506 1698 1554 denotatur,
1733 1504 1775 1542 in
1804 1502 1883 1543 hac

402 1571 782 1625 repraesentatione
828 1569 1092 1621 respondebit
1127 1570 1335 1622 applicata
1351 1582 1398 1620 y,
1434 1567 1695 1623 logarithmo
1723 1567 1883 1620 hyper-

403 1633 547 1676 bolico
586 1636 792 1688 tangentis
820 1632 958 1686 anguli
989 1634 1202 1684 45:0-l—gu
1242 1633 1446 1686 aequali53
1497 1645 1551 1672 cx
1586 1645 1678 1683 qua⁴
1701 1630 1885 1670 formula

405 1712 489 1754 pro
521 1699 688 1753 singulis
724 1697 1020 1739 latitudinibus.
1041 1710 1066 1738 u
1102 1696 1265 1737 valores
1302 1696 1475 1750 ipsiusy
1505 1694 1746 1748 computari
1771 1702 1813 1733 et
1841 1693 1883 1731 in

406 1762 547 1804 tabula
568 1762 714 1805 referri
734 1763 885 1804 solent„

539 1841 572 1890 §.
598 1850 667 1889 17.
706 1837 876 1879 Scilicet
901 1852 997 1879 cum
1017 1838 1085 1878 hic
1106 1849 1252 1878 omnes
1271 1834 1459 1876 Paralleli
1480 1832 1714 1886 Aequatori
1735 1842 1887 1883 aequa·-

408 1904 468 1944 les
488 1902 725 1944 referantur
745 1934 755 1953 ,
792 1904 863 1956 qui
883 1913 1023 1943 tamen
1043 1903 1085 1941 in
1106 1901 1291 1956 Sphaera
1321 1901 1524 1941 continuo
1558 1897 1666 1938 fiunt
1685 1896 1884 1942 minores,

409 1968 560 2020 gra-dus
581 1968 780 2019 cuiusque
800 1967 1033 2008 Meridiani·
1051 1996 1061 2014 ‚
1098 1967 1169 2019 qui
1204 1966 1246 2005 in
1283 1964 1467 2019 Sphaera
1504 1961 1595 2002 sunt
1624 1958 1811 2012 aequales
1841 1957 1893 1996 in·

411 2029 492 2071 hac
509 2031 888 2083 repraesentatione
908 2041 1026 2071 tanto
1046 2031 1225 2071 maiores
1246 2029 1383 2082 accipi¹
1399 2035 1582 2080 oportet,
1618 2031 1777 2076 quanto
1797 2033 1886 2060 ma-

411 2093 521 2135 iores
541 2093 609 2134 hic
642 2095 790 2146 gradus
820 2095 1020 2147 cuiusque
1048 2093 1242 2133 Paralleliv
1268 2093 1360 2132 sunt
1387 2101 1512 2142 quam
1541 2087 1660 2140 super
1687 2085 1885 2139 Sphaera.

410 2160 592 2212 Hocque
611 2158 742 2198 modo
760 2157 802 2196 in
823 2156 1069 2197 Meridianis
1089 2156 1238 2208 gradus
1266 2153 1499 2194 latitudinis
1528 2152 1733 2192 continuo
1752 2149 1885 2202 magis

415 2233 635 2278 augentur,
654 2234 740 2276 quo
759 2221 894 2261 maior
913 2220 1037 2261 fuerit
1072 2218 1250 2259 latitudo
1271 2249 1283 2269 ,
1318 2219 1451 2270 idque·
1481 2217 1521 2255 in
1542 2216 1688 2256 eadem
1707 2215 1886 2262 ratione,

413 2301 498 2344 qua
516 2286 678 2331 cofinus
696 2285 926 2329 latitudinis
945 2283 1207 2327 diminuitur.
1278 2282 1342 2323 Ita
1358 2281 1388 2323 fi
1417 2281 1477 2322 du
1506 2280 1676 2322 denotet
1709 2278 1888 2333 gradum

1842 2351 1888 2381 m
