2029 2750
878 130 993 184 maz->23
1046 128 1074 205 Ι)
1109 127 1252 188 200(
1317 125 1434 181 &trez-

419 243 648 291 Selenitem
669 276 679 296 ,
713 243 1052 287 Ammoniacum
1090 246 1283 287 natiuum
1302 276 1313 296 ‚
1349 243 1419 286 Sal
1454 243 1645 287 mirabile
1681 244 1896 299 nanuum,

419 312 584 365 aliaque
612 309 722 352 forte
751 311 953 365 producta
980 320 1115 351 terrae
1133 308 1274 351 Salina
1293 341 1303 359 ‚
1339 311 1397 350 ita
1415 321 1462 350 vt
1481 311 1607 351 etiam
1630 311 1679 350 ad
1700 311 1920 367 condien-.

417 376 496 418 dos
518 375 648 425 cib05‚
679 375 728 415 ad
750 375 943 416 saliendas
965 387 1122 424 carnes,
1145 384 1225 416 cet.
1249 373 1436 415 adhitum
1456 374 1570 416 fuiss'e
1588 376 1865 429 prodiderint.

548 472 597 513 Id
616 471 751 526 ipsum
774 501 784 520 ,
820 481 862 511 et
880 471 994 524 quod
1014 469 1281 510 Itineratores
1303 471 1408 511 varii
1431 483 1486 511 ex
1505 471 1666 513 oriente
1685 502 1694 520 ‚
1731 471 1802 512 sub
1823 481 1900 511 no-

422 536 606 577 minibus
636 536 719 575 istis
748 535 977 574 admodum
1006 532 1166 573 diuersa
1189 532 1298 573 Salia
1317 564 1327 582 ,
1364 548 1543 588 raroque
1565 548 1711 576 verum
1732 534 1900 575 Natron

417 600 655 641 retulerunt
674 628 684 647 ‚
720 595 951 637 Chemicos
982 597 1024 635 in
1058 596 1368 637 dubitationem
1404 606 1562 638 tantam
1593 601 1703 640 circa
1733 599 1903 641 Natron

417 673 614 703 veterum
651 661 915 708 coniecerat,
956 670 1003 700 vt
1037 659 1226 713 plerique
1263 660 1364 701 illud
1394 672 1621 714 negarent,
1658 663 1902 715 praesertim

417 726 516 779 quia
554 724 670 766 alcali
705 737 833 765 omne
868 725 966 778 igne
1008 726 1197 778 generari
1243 725 1527 764 autumabant.
1596 725 1793 766 Tandem
1828 739 1901 780 per

417 790 626 844 principia
646 789 839 830 chemica
856 787 1015 829 Salium
1036 798 1182 829 natura
1201 789 1396 842 distingui
1417 789 1557 845 coepit
1575 819 1585 838 ‚
1625 791 1902 843 apparuitque

417 867 494 908 per
523 853 704 905 analyses
735 853 966 894 celebrium
995 854 1185 893 virorum
1209 884 1218 902 ‚
1255 853 1392 893 Alcali
1412 852 1501 893 salis
1526 854 1734 894 muriatici
1756 863 1797 894 et
1815 852 1904 894 Na·

417 927 516 958 tron
566 917 773 971 persicum
825 919 904 958 &c.
959 930 1059 957 vera
1093 919 1170 957 effe
1215 918 1358 958 alcalia
1378 949 1387 965 ‚
1442 930 1526 957 non
1564 929 1693 958 terras
1744 917 1902 958 salinas.

418 979 433 1036 (
453 978 580 1021 Conf.
601 979 831 1035 Mar-ggraf
844 979 986 1034 Opust.
1008 979 1144 1020 Chem.
1169 982 1215 1021 de
1239 981 1360 1021 alcali
1368 980 1472 1035 salis
1493 982 1698 1022 ensium-is.
1767 981 1907 1022 Model

416 1045 459 1085 in
475 1044 686 1099 opuscula
696 1042 890 1098 subfhciu.
911 1042 1031 1084 chem.
1056 1044 1103 1083 dc
1121 1043 1220 1083 Sale
1238 1046 1389 1098 perfico
1411 1075 1419 1093 ,
1457 1044 1762 1100 aliorumque).
1813 1045 1906 1086 Ho-

416 1109 485 1149 die
523 1107 780 1161 Mineralogi
815 1120 962 1148 omnes
993 1105 1155 1148 Natron
1184 1108 1355 1160 eiusque
1390 1109 1605 1147 »arietates
1626 1139 1636 1156 ,
1675 1109 1900 1150 secundum

420 1170 671 1212 affinitatem
691 1169 991 1219 charat‘terum,
1027 1172 1136 1210 inter
1155 1171 1326 1210 alcalina
1342 1170 1451 1210 Salia
1470 1202 1479 1216 ,
1515 1170 1602 1224 ipso
1621 1171 1694 1211 illo
1715 1173 1902 1219 nomine,

417 1233 647 1276 recensent.
717 1232 958 1274 Secundum
993 1233 1100 1273 hanc
1136 1234 1277 1286 itaque
1305 1234 1524 1274 stabilitam
1555 1235 1901 1286 fignificationem

416 1298 588 1340 Natron
618 1299 660 1338 in
692 1297 880 1351 Imperio
899 1298 1064 1338 Ruffico
1093 1310 1223 1349 aeque
1245 1296 1329 1336 sere
1350 1297 1517 1349 copiose
1540 1300 1710 1349 reperiri
1730 1300 1901 1348 constat,

419 1373 544 1417 atque
574 1364 616 1403 in
636 1362 755 1402 India
775 1375 785 1413 ⁵,
822 1375 907 1415 quo
927 1362 1099 1415 quidem
1121 1392 1131 1410 ‚
1169 1360 1195 1400 fi
1216 1362 1330 1414 prius
1352 1361 1592 1400 innotuisset
1611 1371 1653 1400 et
1671 1362 1902 1403 accuratius

420 1428 642 1481 cognitum
670 1426 805 1466 fuisset
825 1456 836 1475 ‚
871 1427 1011 1466 omnis
1038 1426 1089 1468 de
1107 1424 1245 1466 Natro
1274 1425 1544 1480 antiquorum
1569 1424 1617 1465 lis
1637 1425 1722 1467 iam
1742 1426 1903 1467 dudum

417 1492 561 1534 dirimi
598 1490 805 1546 potuiss'et.

552 1590 586 1637 §.
626 1602 668 1637 4.
737 1585 945 1636 Ναινιιηι,
982 1597 1276 1642 praeterquam
1314 1588 1426 1642 quod
1464 1589 1507 1627 in
1549 1586 1641 1629 Sale
1676 1589 1904 1628 muriatico

421 1653 480 1708 (ᾧ,
523 1649 585 1705 1.)
622 1651 777 1704 vbique
806 1652 974 1701 existit,
1012 1651 1121 1691 basin
1143 1665 1311 1705 quoque
1336 1651 1548 1692 alcalicam
1574 1650 1676 1692 Salis
1701 1652 1902 1694 mirabilis

423 1716 556 1757 natiui
586 1715 801 1756 constituit
823 1745 834 1760 ..
871 1717 982 1768 quod
1004 1717 1044 1755 in
1065 1716 1261 1756 omnibus
1283 1714 1400 1755 facile
1419 1715 1588 1756 lacubus
1610 1716 1732 1755 salitis
1753 1726 1792 1754 et
1813 1715 1902 1754 sub—

422 1780 531 1823 salsis
565 1779 715 1820 deserti
743 1778 933 1820 Tatarici
965 1791 1087 1834 atque
1113 1780 1278 1820 Sibirici
1300 1809 1309 1826 ,
1346 1790 1393 1819 Π
1422 1778 1511 1819 sunt
1530 1778 1756 1832 Bogdensxs
1780 1790 1903 1831 atque

421 1843 677 1886 Eltonienfis
713 1843 763 1883 ad
798 1843 1033 1897 Wolgam,
1076 1844 1320 1885 Inderiensrs
1356 1843 1404 1883 ad
1436 1842 1628 1892 iaihnn,
1666 1841 1904 1894 lamysche-

423 1909 572 1949 wensis
612 1907 766 1960 aliique
803 1908 845 1948 in
883 1908 1044 1949 deserto
1079 1908 1297 1950 Barabensi
1320 1937 1331 1957 ,
1365 1906 1574 1949 Tustukul
1604 1907 1653 1947 ad
1673 1906 1902 1954 Ienffeam,

423 1971 638 2013 Borsenfis
676 1972 724 2011 ad
764 1969 999 2023 Ononem,
1037 1983 1115 2014 cet.
1154 1974 1424 2024 maximeque
1459 1972 1503 2011 in
1540 1971 1730 2011 Lacubns
1750 1969 1901 2010 amaris

425 2031 711 2075 Glauberiano
746 2033 839 2075 Sale
872 2037 1116 2089 praesertim
1154 2036 1400 2078 scatentibus
1429 2035 1603 2088 reperiri
1636 2035 1718 2073 iam
1741 2043 1901 2073 certum

426 2099 514 2150 est3
550 2097 690 2151 quales
725 2101 972 2152 praeprimis
1011 2101 1101 2143 sunt
1119 2099 1465 2142 Astrachanenses
1493 2098 1602 2137 lacus
1623 2096 1690 2136 Sal
1718 2109 1901 2150 purgans

429 2160 638 2204 officinale
673 2161 994 2215 suppeditantes,
1029 2162 1422 2204 Tartschiranienfis
1459 2170 1581 2214 atque
1616 2159 1901 2202 Urum‘cienfis

427 2225 585 2270 Baicali
621 2225 750 2269 vicini
770 2256 781 2276 ,
816 2226 968 2282 aliique
991 2227 1129 2269 minus
1150 2225 1454 2269 memorabiles.

1785 2326 1818 2375 ξ.
1862 2333 1897 2371 ς.
