2029 2750
641 120 756 175 ’θῶ-ἑξ
820 116 1014 178 )21·7(
1079 123 1194 175 stet«

286 228 381 273 susis
416 237 589 283 notata;
623 231 666 270 in
704 231 732 278 ῼ
769 245 824 273 ex
858 234 997 273 albido
1032 235 1251 278 flauescens
1273 268 1284 288 ,
1319 234 1618 296 immaculata;

281 296 324 337 in
348 293 393 336 0²
411 306 616 348 purpurea
633 323 644 342 ‚
681 295 938 347 maculisque
957 298 1252 340 concoloribus
1280 303 1323 342 in
1358 303 1488 346 fundo
1523 306 1618 346 albo

280 359 404 411 longe
422 357 585 409 lateque
602 355 787 410 dispersis
806 359 1029 412 variegata.
1098 360 1270 404 Lacinia
1297 367 1478 408 corollae
1496 366 1618 424 supe-

281 422 366 464 rior
382 420 636 472 emarginata
656 451 666 469 ,
702 421 844 462 obtuse
862 423 1098 475 parabolica
1117 456 1127 475 ,
1163 426 1352 469 laterales
1382 431 1486 473 duae
1514 445 1617 473 oua-

278 483 336 526 les
356 513 367 533 ‚
401 483 574 523 inferior
591 494 729 526 onata.
798 485 846 524 In
866 485 892 533 ῼ
915 499 1018 527 vero
1037 489 1222 542 superior
1240 502 1363 534 acute
1383 493 1520 543 bifida,
1557 497 1617 538 la-

278 546 423 589 terales
443 547 712 600 triangulares
734 579 744 597 ‚
780 549 954 591 inferior
973 551 1155 606 oblonga
1173 585 1183 604 ‚
1219 565 1261 594 et
1289 556 1331 596 in
1363 556 1408 598 0²
1443 559 1616 602 laciniae

275 610 461 652 corollae
490 623 636 652 omnes
666 614 961 654 rotundiores:
998 614 1185 669 superior
1219 619 1487 672 integerrima
1505 654 1515 672 ‚
1551 637 1616 665 re-

276 674 363 716 tusa
380 675 491 728 quasi
510 688 555 717 ac
574 675 656 717 lata
689 676 824 727 valde,
859 677 1046 720 laterales
1067 679 1402 736 semicirculares,
1438 686 1613 730 inferior

274 738 525 794 parabolica.

146 828 389 885 STAMINA
410 837 583 892 superne
600 837 676 880 fitu
696 839 804 881 inter
823 840 862 882 se
879 840 965 882 fere
982 841 1438 899 parallela‚ri‹stumque
1457 847 1539 889 fiue
1552 846 1615 890 la-'

274 901 480 943 ciniarum
501 902 682 943 corollae
701 904 946 946 diuisionem
967 907 1043 946 vix
1061 908 1307 961 attingentia
1325 922 1337 961 3
1371 911 1414 950 in
1451 913 1478 962 ῼ
1516 912 1609 952 satis

273 965 533 1019 diuergentia
551 997 561 1016 ,
596 966 922 1022 longiorumque
940 970 1032 1022 pari
1050 970 1169 1024 supra
1186 971 1360 1013 laciniae
1387 973 1608 1028 superioris

272 1028 588 1084 lateraliumque
607 1030 714 1070 basin
745 1033 1033 1086 emergentia3
1067 1035 1110 1074 in
1148 1033 1192 1076 <f
1230 1035 1402 1091 superne
1431 1050 1611 1079 conuer-

269 1093 410 1148 gentia
429 1125 440 1143 ,
475 1103 671 1147 retroque
706 1095 819 1135 floris
855 1097 1007 1138 rictum
1041 1099 1306 1152 persistentia.
1381 1100 1608 1143 Filumenta

271 1157 380 1197 inter
399 1155 426 1203 ῼ
448 1168 490 1198 et
511 1155 555 1198 0²
576 1159 737 1199 mediae
755 1159 1029 1212 longitudinis
1049 1173 1090 1203 et
1118 1163 1317 1204 craffitiei.
1403 1164 1605 1207 Antherae

267 1221 430 1276 punctis
451 1222 668 1274 purpureis
688 1223 911 1263 rarioribus
931 1226 1138 1278 adspersae
1153 1239 1163 1278 3
1181 1227 1223 1266 in
1246 1226 1273 1270 ῼ
1294 1227 1602 1282 immaculatae,

267 1294 311 1324 et
329 1285 372 1324 in
391 1283 418 1330 ῼ
439 1284 600 1338 punctis
621 1287 840 1338 purpureis
860 1288 1136 1329 crebrioribus
1165 1291 1317 1332 variae.
1382 1290 1570 1336 Eaedem
1590 1325 1603 1344 ,

266 1348 564 1400 magnitudinis
584 1347 764 1401 respectu
790 1378 801 1398 ‚
836 1350 940 1390 infra
960 1354 1174 1406 vtriusque
1192 1354 1375 1408 parentis
1395 1357 1602 1407 antheras,

268 1410 322 1452 ob
337 1411 499 1466 pollinis
519 1411 614 1451 bmi
637 1425 682 1451 ac
701 1413 856 1464 copiofi
886 1414 1088 1456 desectum
1107 1446 1118 1465 ,
1162 1417 1392 1469 persistunt.
1474 1419 1602 1463 Mole-

267 1475 380 1516 culae
398 1476 484 1515 eius
506 1475 733 1515 maximam
754 1486 913 1528 partem
942 1477 1117 1519 effoetae
1136 1509 1146 1522 ,
1183 1479 1384 1533 collapsae
1402 1510 1414 1530 ‚
1448 1495 1603 1535 paruu-

266 1538 329 1579 lae
349 1569 358 1582 ,
394 1537 636 1592 formaeque
672 1539 809 1580 minus
845 1540 1041 1593 regularis
1061 1572 1072 1591 ,
1107 1541 1315 1596 longeque
1350 1546 1568 1596 pauciores
1588 1578 1600 1598 ‚

265 1616 392 1656 quam
418 1604 457 1642 in
480 1602 717 1656 parentibus
737 1616 748 1653 3
782 1604 1044 1656 paucissimae
1066 1616 1227 1647 tantum
1247 1620 1390 1648 earum
1411 1609 1598 1652 melioris

263 1676 387 1706 notae
408 1696 419 1714 ‚
455 1666 646 1719 succique
671 1666 836 1708 masculi
858 1669 1053 1721 portione
1072 1670 1209 1711 oleosa
1238 1671 1450 1728 scatentes
1504 1673 1597 1715 Hae

262 1742 430 1783 quoque
453 1729 584 1769 solum
622 1730 664 1769 in
695 1742 800 1782 aqua
837 1731 1134 1774 subrotundam
1169 1734 1349 1774 induunt
1383 1734 1564 1777 formam
1585 1769 1596 1789 ‚

262 1806 359 1833 cum
378 1792 553 1833 effoetae
574 1793 668 1833 istae
690 1793 800 1834 suam
820 1794 927 1836 haud
950 1797 1017 1838 vel
1047 1808 1224 1845 mutent,
1261 1797 1328 1838 vel
1356 1800 1597 1842 notabiliter

255 1855 544 1896 intumescant.
613 1856 849 1901 Moleculae
875 1859 1057 1913 pulueris
1095 1861 1361 1902 antherarum
1407 1862 1434 1910 ῼ
1469 1874 1513 1904 et
1548 1863 1593 1906 0²

259 1932 408 1960 omnes
445 1919 650 1973 ellipticae
673 1952 682 1969 ,
717 1921 825 1963 inter
844 1923 881 1965 se
914 1924 1100 1967 inuicem
1135 1925 1323 1980 aequales
1344 1955 1356 1975 ‚
1391 1925 1595 1969 masculo-

259 1996 341 2038 que
362 1983 513 2026 semine
533 1984 673 2025 oleoso
692 1986 890 2039 turgidae.
1259 1989 1267 2001 '

133 2072 410 2126 PISTILLVM
433 2081 591 2121 mediae
611 2082 722 2123 inter
741 2083 768 2128 Ω
782 2094 822 2124 et
837 2083 882 2126 0⁷¹
901 2086 1197 2139 magnitudinis
1219 2099 1263 2127 ac
1282 2086 1466 2128 formae:
1487 2087 1588 2129 Ger-

261 2158 344 2185 men
380 2145 607 2197 oblongum
630 2176 639 2195 ,
675 2147 780 2188 infra
808 2148 898 2198 styli
934 2150 1043 2190 bafin
1079 2151 1286 2191 sacculum
1321 2151 1431 2204 quasi
1466 2151 1590 2191 effor-

263 2220 378 2247 mans
398 2238 409 2259 ‚
444 2223 488 2249 ac
509 2209 614 2250 laete
633 2212 784 2252 virens.
853 2211 993 2265 Stylus
1011 2215 1177 2254 modice
1204 2216 1403 2256 incuruus
1424 2244 1433 2261 ‚
1481 2214 1588 2253 sum-

264 2271 396 2310 mitati
417 2274 615 2325 germinis
634 2275 836 2328 superiori
854 2290 1004 2330 parum
1022 2278 1190 2329 oblique
1208 2278 1391 2318 insertus.
1426 2275 1588 2330 Stigma

130 2334 229 2377 Ana
248 2333 370 2375 Acad.
390 2333 484 2387 Imp.
504 2334 570 2376 Sc.
590 2335 697 2378 Tam.
719 2338 748 2378 Ι.
768 2341 812 2378 Ρ.
832 2339 863 2379 1.
1112 2341 1148 2381 Ε
1185 2353 1207 2379 e
1488 2354 1586 2395 pro-
