2029 2750
886 115 1003 170 »aa
1070 113 1229 173 με(
1294 116 1410 170 203·-

542 234 576 283 §.
618 243 654 282 ς.
692 231 801 272 Istud
837 239 987 271 autem
1013 232 1267 285 principium
1303 242 1381 284 pro
1418 228 1547 270 tribus
1592 237 1755 269 tantum
1808 231 1884 270 ob-

411 296 712 338 seruationibus
748 295 923 336 deduxit
960 295 1010 335 ad
1045 288 1338 350 aequationem
1373 295 1510 348 quinti
1547 293 1729 340 ordinis,
1766 295 1885 334 cuius

409 362 592 402 radicem
628 375 660 402 x
695 361 890 413 assignare
921 361 1168 413 oportebat,
1202 370 1243 399 et
1278 359 1305 398 fi
1351 360 1442 411 quis
1479 359 1590 398 idem
1626 357 1884 410 principium

411 426 463 465 ad
496 436 678 479 quatuor
723 424 1031 465 obseruationes
1077 423 1399 464 accommodare
1434 423 1592 470 veliet,
1645 421 1886 474 perueniret

411 490 463 530 ad
489 491 783 542 aequationem
812 486 976 540 septimi
1002 487 1176 539 gradus:
1212 486 1398 537 quinque
1415 497 1556 528 autem
1576 484 1884 525 obseruationes

410 553 667 594 deducerent
702 553 751 591 ad
788 551 1084 602 aequationem
1121 549 1222 588 noni
1257 549 1406 601 gradus
1442 552 1559 590 etita
1576 562 1718 602 porro.
1756 547 1885 589 Vnde

408 616 627 657 manifesto
661 616 823 666 liquet,
861 613 968 652 hanc
1004 611 1257 652 methodum
1294 611 1411 652 nuno
1457 614 1587 652 modo
1631 614 1680 657 ad
1737 613 1886 663 casus,

406 680 478 718 vbi
514 679 654 732 plures
690 677 999 717 obseruationes
1035 685 1348 729 proponuntur,
1368 675 1410 714 in
1446 676 1565 715 vsum
1593 678 1739 716 vocari
1756 677 1885 731 posse,

406 743 450 783 id
484 742 598 795 quod
633 742 762 782 eti-am
798 739 968 780 Illustris
1004 739 1168 780 Auctor
1202 741 1386 793 ingenue
1424 739 1618 779 concedit
1639 769 1649 788 ‚
1685 740 1786 782 dum
1820 750 1887 780 to-

408 814 496 846 tam
533 805 863 846 dissertationem
901 814 1100 857 tanquam
1138 804 1467 859 speculationem
1501 816 1619 844 mere
1659 804 1887 859 metaphy-

406 870 533 912 fleam
567 870 612 908 in
649 870 835 910 medium
874 868 1077 908 attulerit.

539 946 573 994 ς.
613 948 654 984 6.
691 942 858 984 Verum
904 943 1004 997 quia
1054 940 1225 980 Illustris
1276 940 1440 981 AuCtor
1491 941 1574 982 hoc
1628 941 1889 995 principium

407 1009 583 1050 maximi
616 1007 731 1048 nulla
747 1006 1104 1047 demonstratione
1120 1004 1426 1053 corroborauit,
1462 1005 1573 1045 haud
1610 1018 1730 1059 aegre
1766 1005 1887 1054 feret,

407 1073 441 1114 fi
477 1073 602 1113 dubia
637 1072 841 1125 quaedam
878 1080 1027 1111 contra
1060 1069 1166 1109 illud
1199 1068 1472 1122 proposuero.
1541 1068 1739 1121 Namque
1784 1069 1888 1108 assu-

408 1148 578 1178 mamus
615 1137 726 1176 inter
762 1134 1071 1174 obseruationes
1108 1132 1345 1186 propositas
1375 1145 1508 1172 vnam
1543 1132 1747 1185 reperiri,
1783 1143 1892 1183 quae

408 1207 577 1241 tantum
614 1212 701 1239 non
735 1199 858 1238 reiici
891 1197 1121 1246 debuisset,
1176 1196 1297 1236 cuius.
1339 1209 1445 1249 ergo
1486 1196 1639 1249 gradus
1688 1195 1889 1235 bonitatis

410 1262 509 1303 effet
544 1275 673 1316 quam
708 1263 908 1302 minimus
930 1291 940 1310 ,
974 1261 1147 1305 ,euidens
1183 1259 1253 1308 est',
1288 1259 1543 1312 productum
1580 1260 1780 1299 omnium
1799 1270 1888 1298 me-

409 1336 672 1367 moratarum
707 1324 986 1366 formularum
1020 1323 1150 1363 etiam
1185 1321 1236 1360 ad
1281 1322 1463 1363 nihilum
1515 1324 1679 1377 redigi,
1732 1324 1791 1362 ita
1841 1330 1890 1361 vt

411 1389 533 1430 nullo
568 1390 700 1428 modo
737 1388 914 1440 amplius
949 1400 1028 1440 pro
1065 1386 1257 1427 maximo
1294 1385 1437 1425 haberi
1474 1386 1593 1439 poffit
1615 1416 1625 1434 ,
1663 1394 1893 1439 quantum-⁷

414 1453 481 1492 vis
518 1464 719 1505 magnum
756 1452 882 1490 etiam
918 1449 1053 1489 fuiffet
1088 1449 1235 1488 omissa
1269 1449 1345 1488 ista
1379 1448 1684 1490 obseruatione.
1731 1448 1890 1488 Princi-

414 1516 488 1571 pia
523 1526 661 1556 autem
699 1515 796 1554 artis
833 1513 1093 1553 coniectandi
1141 1510 1361 1551 manifesto
1412 1513 1653 1563 declarant,
1708 1512 1891 1553 eundem

412 1579 602 1620 valorem
640 1579 882 1633 quantitatis
918 1577 1158 1630 incognitae
1192 1588 1224 1614 x
1259 1575 1428 1628 prodire
1463 1577 1610 1616 debere
1631 1607 1641 1626 ,
1678 1577 1761 1616 siue
1796 1576 1891 1616 talis

413 1643 651 1684 obseruatio
688 1643 806 1682 omni
841 1641 1030 1681 bonitate
1065 1639 1257 1680 destituta
1291 1639 1334 1678 in
1387 1639 1595 1680 calculum
1647 1640 1893 1679 introduca—

414 1715 514 1759 tur,
549 1707 632 1748 slue
667 1707 832 1761 penitus
868 1706 1092 1745 reiiciatur.

546 1782 581 1832 ξ.
620 1794 660 1830 7.
695 1780 896 1821 Arbitror
931 1789 1070 1819 autem
1107 1779 1148 1817 in
1185 1776 1263 1817 hac
1299 1776 1538 1831 quaestione
1573 1788 1678 1830 opus
1708 1788 1792 1816 non
1812 1775 1888 1816 ess‘e

418 1845 471 1885 ad
504 1845 762 1899 principium
798 1844 1089 1884 maximorum
1127 1841 1374 1896 confugere,
1412 1853 1509 1881 cum
1544 1849 1765 1893 praecepta
1800 1852 1887 1880 cer-

416 1908 569 1948 tissima
604 1910 701 1949 artis
738 1908 999 1948 coniectandi
1034 1906 1199 1960 prorsus
1236 1904 1440 1946 sufficiant
1476 1904 1524 1944 ad
1561 1916 1706 1944 omnes
1743 1903 1886 1943 huius-

416 1972 537 2014 modi
572 1973 831 2025 quaestiones
868 1971 1144 2011 resoluendas.
1214 1968 1258 2010 Si
1279 1970 1390 2010 enim
1410 1969 1572 2022 primae
1593 1966 1886 2015 obseruationi,

417 2048 525 2090 quae
561 2035 726 2075 dederat
760 2038 922 2081 ITA—cz
956 2034 1188 2075 tribuamus
1232 2034 1417 2088 pretium
1454 2032 1519 2071 seu
1555 2030 1727 2083 gradum
1764 2029 1887 2069 boni—

417 2099 515 2139 tatis
547 2113 641 2149 :a,
677 2097 875 2138 secundae
909 2099 1003 2150 ῑβ,
1039 2098 1186 2136 tertiae
1221 2111 1338 2150 εγ,
1387 2107 1441 2135 ex
1476 2094 1627 2146 regulis
1663 2093 1786 2134 huius
1823 2107 1888 2134 ar-

419 2160 473 2204 tis
509 2163 714 2217 quantitas
748 2161 963 2214 incognita
995 2173 1027 2199 x
1061 2159 1118 2198 ita
1152 2159 1474 2206 determinatur,
1509 2166 1558 2198 vt
1592 2157 1643 2200 fit

458 2231 466 2235 “
571 2223 1206 2278 κίσα-μὸρζο-Ὑψάδῌ

698 2261 771 2270 ,η-

767 2265 841 2300 όι-Ι-
854 2269 872 2305 β
885 2261 1101 2302 4-Ύῖἷ-’ὁ-φ-
1112 2274 1165 2295 etc.
1210 2266 1219 2275 ⁶

960 2349 992 2367 ,-
1773 2311 1890 2361 Hinc
