2029 2750
844 128 962 182 «ὴὲ-’.ἐ
1028 128 1222 187 >250(
1287 126 1406 180 &2⁶3⁴-

559 242 720 287 steriori
756 250 875 297 parte
911 242 1038 294 atrii,
1075 245 1248 298 regione
1280 253 1415 282 venae
1449 250 1577 281 canae
1621 238 1847 294 Inferioris,

561 310 835 363 distinguunt.

432 382 513 423 49.
547 372 646 414 Pars
683 372 825 414 annuli
861 371 1151 426 angustissima,
1187 384 1293 427 quae
1312 370 1428 427 septo
1462 379 1505 412 et
1530 369 1693 424 regioni
1712 364 1846 414 venae'e

563 450 692 478 cauae
728 435 936 478 inferioris
972 437 1153 477 interest.

430 503 575 551 ‘50.et
598 515 668 549 51.
703 500 801 541 Pars
837 499 980 539 annuli
1014 500 1213 540 anterior.

439 575 513 614 52.
550 564 684 618 Regio
717 575 851 603 venae
887 575 1013 603 cauae
1049 562 1286 617 superioris.

440 638 515 674 53.
550 626 651 666 Pars
686 626 844 666 reflexa
880 637 954 677 54..
989 626 1201 668 orificium
1237 640 1369 668 venae
1404 626 1448 667 in
1483 627 1617 668 finum
1661 626 1849 668 insertae·

439 699 514 739 55.
551 687 726 731 Cauitas
761 689 864 731 bafis
910 690 1149 742 auriculae,
1201 705 1307 744 quae
1359 691 1628 733 dextrorsum
1678 691 1721 730 in
1773 691 1856 731 situ

565 753 745 794 naturali
779 755 948 809 respicit
982 764 1024 795 et
1057 756 1201 797 inflata
1235 757 1422 798 exterius
1459 767 1659 810 apparere
1692 754 1795 795 solet
1827 768 1854 794 a

563 819 763 873 sanguine
797 818 1032 873 coagulato.

443 885 516 932 56.
554 881 644 925 Ora
677 882 864 937 superior
900 884 1089 925 cauitatis
1133 885 1234 926 basis
1261 885 1525 937 vauriculae,
1576 884 1652 940 qui
1702 881 1857 925 crassas

567 947 787 987 fasciculus
824 947 1066 988 muscularis
1103 950 1175 990 est.

447 1020 522 1060 57.
544 1018 615 1060 58.
642 1022 714 1059 59,
747 1009 859 1050 Tres
895 1011 984 1050 eius
1019 1013 1157 1058 rami,
1193 1027 1390 1066 quorum.

447 1085 520 1123 57.
556 1073 726 1115 Medius
747 1104 759 1122 ‚
793 1074 1057 1114 continuatio
1093 1087 1192 1115 orae
1228 1075 1449 1129 superioris
1486 1079 1542 1117 est
1563 1107 1574 1126 ‚
1609 1090 1696 1129 quo
1740 1076 1858 1116 caui-

570 1145 631 1176 tas
668 1136 911 1176 auricularis
947 1151 970 1176 a
1003 1139 1175 1190 regione
1210 1139 1363 1180 orificii
1399 1153 1528 1181 venae
1573 1151 1697 1180 cauae
1749 1138 1857 1178 infe-

568 1199 693 1240 rioris
730 1199 1010 1253 distinguitur.

439 1265 522 1314 58.
558 1263 609 1305 In
644 1263 871 1305 cauitatem
905 1263 1007 1304 baiis
1044 1264 1254 1307 auriculae
1298 1265 1542 1316 descendit,
1596 1278 1696 1305 cum
1738 1266 1860 1307 fibris-

573 1329 661 1370 eius
698 1331 963 1376 commixta„
1847 1364 1849 1368 .

450 1403 525 1444 59.
561 1403 703 1434 autem
739 1394 781 1433 in
818 1395 1039 1447 regionem
1085 1394 1239 1436 orificii
1288 1407 1420 1436 venae
1472 1407 1597 1436 cauae
1648 1385 1863 1433 inferiori&

576 1457 722 1497 transit
745 1488 756 1508 ‚
809 1459 851 1497 in
903 1458 1042 1511 plures
1095 1472 1243 1500 ramos
1273 1458 1379 1514 (77.
1400 1457 1512 1513 &c.)
1549 1457 1705 1508 diuisa,
1753 1470 1864 1511 quae

573 1520 830 1574 peculiarem
865 1531 1029 1575 partem
1065 1522 1188 1565 huius
1225 1523 1375 1564 orificii
1412 1524 1617 1565 efficiunt.

451 1587 526 1624 60.
563 1582 842 1626 Continuatio
878 1599 989 1635 orae,
1026 1587 1068 1626 iu
1104 1587 1180 1628 fitu
1217 1589 1393 1630 naturali
1428 1588 1667 1644 posterioris
1705 1586 1865 1628 canita-

577 1650 629 1689 tis
665 1649 904 1699 auriculae,
941 1650 1154 1692 bifurcata.

451 1715 528 1752 61.
567 1710 659 1754 Ora
693 1713 816 1755 huius
853 1715 1042 1756 cauitatis
1077 1717 1120 1756 in
1156 1717 1233 1757 fitu
1271 1719 1447 1759 naturali
1484 1717 1679 1758 anterior.

445 1779 527 1830 62.
561 1776 762 1819 Truncus
796 1780 993 1820 omnium
1028 1779 1113 1821 fere
1151 1781 1349 1823 fibrarum
1372 1814 1383 1834 ‚
1419 1782 1570 1837 quibus
1605 1781 1759 1821 cauitas
1790 1791 1861 1819 au-

579 1841 737 1883 riculae
772 1843 981 1898 repletur‚
1016 1854 1132 1886 ortus
1169 1861 1192 1886 a
1226 1857 1345 1901 parte
1380 1848 1521 1888 latiori
1556 1843 1684 1902 (47.)
1720 1842 1867 1884 annuli

582 1908 754 1956 carnei,
790 1909 862 1961 qui
897 1907 1110 1950 orificium
1145 1911 1349 1952 venosum
1384 1911 1526 1953 efficit.
1595 1909 1767 1964 Saepius
1803 1917 1867 1947 ta-

577 1983 679 2011 men
713 1971 938 2027 pleraeque
971 1973 1172 2016 fibrarum
1210 1977 1417 2017 auriculae
1451 1975 1671 2035 imediate‘
1694 1985 1751 2013 ex
1783 1971 1866 2011 hac

578 2045 697 2086 parte
732 2035 872 2076 latiori
908 2038 1102 2080 oriuntur
1137 2039 1220 2081 fine
1257 2051 1427 2081 trunca

455 2099 721 2146 63.63.63.
758 2098 880 2140 Rami
918 2115 941 2140 a
976 2111 1127 2143 trunco
1163 2103 1302 2159 (62.)
1339 2106 1422 2144 orti
1457 2105 1502 2143 in
1537 2103 1765 2143 cauitatem
1793 2112 1870 2140 au·-

579 2161 734 2202 riculae
769 2163 821 2202 ad
857 2165 1021 2216 apicem
1056 2178 1189 2218 vsque
1225 2167 1408 2220 dispersi„

455 2227 531 2276 64.
564 2223 726 2292 Papilla
757 2239 813 2267 ex
847 2237 965 2281 parte
1001 2227 1141 2283 (47.)
1177 2240 1300 2280 orta,
1337 2245 1440 2284 quae
1477 2244 1616 2271 ramos
1662 2232 1705 2271 in
1753 2229 1872 2270 caui-

581 2298 713 2333 tarem
746 2291 958 2334 auriculae
988 2293 1091 2345 dat,
1127 2307 1224 2335 cum
1258 2295 1468 2350 prioribus
1504 2297 1767 2338 coniunr‘ros.

1797 2363 1874 2407 65·—
