2029 2750
619 129 734 181 »ξε-ἔξ
800 127 996 185 )285(
1063 127 1177 179 ἓξεὲω

309 248 342 297 ξ.
385 254 457 285 2ο.
524 240 649 283 Nunc
685 242 814 295 igitur
849 243 1035 296 quaestio
1070 241 1152 284 huc
1190 242 1311 294 redit,
1347 242 1418 285 sub
1455 254 1635 298 quanam

156 309 290 366 figura
325 309 503 351 annulus
538 307 585 346 fit
621 306 882 360 appariturus
925 305 1052 346 oculo
1088 308 1129 346 in
1167 309 1323 362 puuc‘to
1359 308 1403 349 T
1438 310 1639 350 constitu-

157 373 232 418 to?
267 388 392 428 quem
428 371 602 413 infinem
639 371 904 424 concipiatur
939 384 1069 412 conus
1099 372 1294 422 scalenus,
1332 374 1449 413 cuius
1486 384 1638 415 vertex

155 442 205 483 fit
241 441 282 479 in
316 439 389 488 T,
440 435 540 476 bafis
587 448 689 476 vero
734 435 782 475 fit
818 436 902 491 ipse
940 436 1114 477 annulus
1152 436 1353 487 Saturni,
1404 438 1505 478 dum
1544 438 1633 478 axis

154 505 278 547 huius
323 502 418 543 coni
464 499 528 540 seu
580 502 690 542 recta
724 498 824 541 TC
847 515 941 542 :c
977 502 1026 543 ad
1063 502 1235 556 planum
1273 502 1374 543 bafis
1411 503 1638 545 inclinatur

156 568 308 623 angulo
341 566 385 607 T
406 562 442 606 C
463 564 609 614 Ρ-ῑη,
678 565 864 607 Euidens
903 576 1042 608 autem
1078 568 1147 617 est,
1181 568 1291 608 hanc
1327 567 1505 622 figuram
1536 581 1637 623 pro-

147 634 266 682 dire,
305 631 331 672 ss
368 644 497 671 conus
534 630 691 671 secetur
728 631 852 684 plano
889 634 940 672 ad
978 646 1098 672 axem
1135 631 1237 673 TC
1275 632 1467 672 normali.
1535 633 1634 674 Hoc

149 699 280 752 *igitur
316 696 486 750 planum
524 695 724 736 annulum
762 695 913 736 secabit
951 696 1020 736 sub
1058 698 1167 737 recta
1202 698 1238 737 E
1261 695 1348 737 CF
1390 698 1438 738 ad
1477 698 1632 739 rectam

150 761 182 803 P
205 760 240 802 C
279 761 527 802 normalem.
597 758 735 813 Ipsum
773 771 913 801 autem
949 760 1032 801 hoc
1069 761 1242 816 planum
1279 761 1546 802 inclinabitur
1582 762 1632 803 ad

149 827 262 867 basin
301 827 368 866 sub
415 824 567 879 angulo
602 833 870 874 :902-n.
939 825 985 866 In
1023 826 1102 866 hac
1139 839 1240 880 ergo
1275 826 1455 868 sectione
1492 827 1630 867 insunt

153 891 279 932 ambo
315 891 467 945 punc'ta
501 890 538 930 E
575 900 615 930 et
651 888 695 937 F,
716 892 918 931 existente
955 889 1043 931 EF
1078 892 1289 932 diametro
1320 892 1477 940 annuli,
1513 894 1632 932 cuius

153 957 316 997 radium
362 968 563 995 vocemus
611 950 646 994 C
669 953 1016 995 E1Can.
1105 954 1323 1008 Quoniam
1361 965 1502 995 autem
1539 955 1631 994 axis

153 1022 249 1062 coni
286 1019 397 1074 quasi
434 1018 596 1058 infinite
635 1030 808 1070 magnus
846 1031 943 1071 prae
978 1017 1058 1058 bafi
1089 1018 1259 1072 spectari
1279 1020 1450 1073 poterit,
1487 1018 1631 1059 sectio-

151 1086 214 1126 nis
251 1083 465 1137 quaesitae,
502 1095 607 1136 quae
645 1083 789 1134 vtique
825 1083 904 1123 erit
938 1082 1104 1136 ellipfis‚
1142 1085 1231 1123 axis
1270 1084 1404 1123 maior
1423 1083 1631 1124 diametro

150 1148 292 1190 annuli
329 1147 597 1202 aequabitur,
633 1147 690 1186 ita
725 1157 772 1187 vt
808 1147 1001 1188 semiaxis
1037 1147 1174 1189 maior
1210 1147 1258 1188 fit
1291 1162 1404 1188 za.

300 1248 332 1295 §-
375 1257 445 1284 21.
513 1244 598 1285 Pro
650 1243 784 1286 altero
835 1258 915 1287 axe
968 1246 1226 1288 inueniendo
1280 1246 1440 1290 secetur
1498 1259 1628 1290 conus
1661 1251 1747 1290 Tab.
1777 1249 1840 1289 x1.

150 1310 287 1352 noster
333 1308 516 1349 scalenus
562 1308 688 1362 plano
724 1311 773 1351 ad
809 1324 934 1351 axem
970 1312 1308 1367 perpendiculari
1345 1324 1387 1353 et
1421 1327 1496 1368 per
1532 1311 1631 1355 CT
1667 1307 1738 1350 Fig.
1765 1314 1800 1339 2·

150 1374 386 1416 transeunte
438 1373 662 1414 secundum
716 1376 873 1416 restam
912 1373 1029 1425 CP,
1083 1378 1124 1417 in
1174 1392 1260 1432 quo
1296 1378 1424 1432 plano
1458 1379 1634 1421 ducatur

149 1440 260 1480 recta
305 1435 340 1478 C
366 1436 406 1478 V'
451 1439 500 1479 ad
538 1436 638 1480 CT
682 1440 915 1489 normalis,
967 1454 1071 1493 quae
1117 1455 1218 1494 ergo
1263 1441 1387 1483 faciet
1431 1443 1633 1497 angulum

149 1499 596 1553 VCG1900—vj.
692 1501 821 1544 Vnde
865 1503 893 1543 fi
940 1505 1128 1559 capiatur
1173 1502 1270 1547 CG
1318 1507 1436 1548 radio
1489 1506 1634 1549 annuli

148 1567 330 1622 aequalis
363 1581 493 1617 za,
548 1577 591 1609 et
627 1580 682 1609 ex
718 1565 756 1609 G
792 1568 842 1608 ad
880 1565 980 1609 CV
1026 1571 1180 1611 iterum
1216 1571 1394 1613 ducatur
1429 1572 1630 1614 normalis

148 1629 186 1673 G
208 1632 247 1673 H
269 1662 278 1680 ‚
316 1631 576 1675 manifestum
614 1634 669 1675 est
705 1632 795 1674 fore
831 1631 931 1674 GH
967 1633 1196 1677 semiaxem
1231 1637 1442 1678 minorem
1479 1636 1630 1690 ellipfis

146 1697 367 1751 quaesitae.
436 1697 531 1738 Erit
566 1699 693 1752 igitur
729 1695 766 1740 C
787 1698 946 1740 H:a
967 1699 1037 1741 sin.
1059 1715 1110 1750 η,
1148 1702 1206 1741 ita
1240 1711 1288 1741 vt
1322 1701 1395 1742 iste
1430 1701 1627 1742 semiaxis

146 1763 288 1802 minor
323 1761 371 1802 fit
414 1759 453 1804 C
474 1762 516 1803 H
534 1777 589 1804 :t
607 1777 633 1804 α
652 1763 723 1805 fin.
744 1779 770 1816 η
791 1778 847 1805 Ξ
865 1778 890 1806 α
908 1764 979 1805 fin.
1000 1780 1039 1823 γ
1060 1765 1130 1807 fin.
1151 1768 1194 1818 i,
1247 1765 1416 1822 prorsus
1450 1775 1498 1807 vt
1533 1776 1629 1808 ante

145 1838 398 1867 muenimuS.

298 1926 332 1974 §.
373 1936 444 1964 22.
514 1922 587 1966 Sin
633 1937 772 1970 autem
817 1930 1052 1972 distantiam
1089 1927 1212 1981 TC,
1247 1931 1331 1973 fiue
1369 1945 1493 1975 axem
1529 1932 1628 1973 coni

146 1988 330 2043 respectu
369 1988 469 2029 basis
507 2002 592 2031 non
629 2002 828 2048 tanquam
865 1995 1080 2037 infinitum
1117 1997 1299 2051 spectare
1332 1998 1508 2049 liceret,
1546 1997 1628 2038 cal-

150 2053 264 2094 culus
300 2053 513 2107 aliquanto
550 2055 667 2097 fieret
702 2060 927 2113 prolixior.
994 2061 1133 2102 Huius
1170 2063 1298 2115 igitur
1333 2061 1446 2104 casus
1482 2063 1627 2104 euolu-

151 2115 308 2158 tionem
346 2118 413 2159 hic
450 2119 491 2159 in
523 2134 678 2175 genere
715 2124 1002 2178 adiungamus.
1074 2125 1242 2168 Referat
1285 2140 1386 2182 ergo
1420 2127 1624 2182 punctum

151 2176 193 2220 O
230 2182 429 2223 verticem
467 2187 586 2234 coni,
622 2189 734 2229 rec'ta
769 2199 908 2230 autem
946 2185 987 2229 O
1011 2188 1047 2231 C
1085 2193 1172 2232 eius
1209 2204 1331 2232 axem
1368 2192 1417 2231 ad
1453 2191 1624 2244 planum

150 2243 251 2283 basis
288 2244 534 2290 inclinatum
570 2251 641 2292 sub
677 2253 831 2307 angulo
865 2253 907 2294 A
929 2251 963 2294 C
987 2252 1170 2307 0:213
1207 2265 1329 2307 atque
1365 2256 1406 2294 in
1436 2255 1517 2295 hoc
1537 2254 1624 2308 pla·
1659 2241 1735 2294 Fig-
1768 2255 1798 2286 ³·

150 2321 206 2349 no
242 2321 315 2364 per
352 2306 448 2351 OC
485 2313 535 2353 ad
570 2314 742 2367 planum
780 2318 881 2358 bafis
912 2320 1156 2360 normaliter
1175 2320 1402 2360 constituto
1422 2317 1626 2359 fitACB

860 2381 902 2422 N
926 2395 949 2421 n
991 2395 1014 2430 :3
1541 2384 1628 2424 dia·
