2029 2750
878 148 992 200 »ἕρ-’.ἒ
1062 145 1075 204 )
1115 157 1202 197 350
1242 145 1257 202 (
1321 145 1438 198 &It-‘3‘-

412 265 468 306 de
491 275 625 318 quum
655 261 817 302 calculo
844 259 926 301 hoc
947 259 1133 314 suscepto
1160 260 1348 300 nondum
1365 259 1585 300 euidenter
1614 260 1691 301 effe
1710 265 1894 314 potueri-

416 342 509 369 mus
541 328 730 367 conuicti
745 357 755 373 ‚
796 322 1027 366 Cometam
1046 324 1157 365 hunc
1177 338 1200 364 a
1216 323 1389 364 Tellure
1409 322 1591 377 aliquam
1612 325 1893 378 perturbatio-

413 405 509 432 nem
531 392 693 444 pass'um
716 389 844 438 fuisse,
866 389 1050 430 calculus
1073 390 1212 429 noster
1228 388 1373 428 saltem
1395 386 1590 428 inseruiet
1610 390 1657 429 ad
1675 390 1897 430 ostenden-

413 456 516 496 dum
534 467 740 507 quaenam
754 453 895 493 locum
912 452 1110 493 haberent
1122 452 1360 500 Elementa,
1377 451 1403 491 si
1419 451 1678 504 perturbatio
1692 453 1762 493 ista
1777 466 1896 507 pror-

415 520 480 559 sus
517 518 627 559 nulla
664 519 772 557 eflet.
841 514 1037 569 Denique
1074 515 1101 555 fi
1138 528 1193 556 ex
1229 515 1464 555 Elementis
1502 517 1680 565 nostris,
1717 529 1792 570 per
1825 518 1897 558 de-

415 594 507 621 cem
520 581 859 621 combinationes
874 580 1120 632 posteriores
1134 579 1441 628 determinatis,
1468 581 1730 633 reperiantur
1741 594 1820 634 pro
1833 581 1895 622 lo-

417 657 469 684 co
487 643 602 684 Nodi
626 654 667 684 et
688 643 963 683 inclinatione
984 643 1157 692 orbitae,
1187 643 1351 683 valores
1372 643 1524 684 eodem
1544 645 1674 685 modo
1693 645 1896 685 determi-

416 708 519 757 nati,
534 721 579 748 ac
600 708 642 747 in
662 707 900 748 Elementis
920 706 1147 760 prioribus,
1166 707 1389 748 Elementa
1403 707 1473 747 ista
1485 709 1641 761 priora,
1663 708 1803 748 saltem
1817 721 1897 762 pro

414 771 625 814 valoribus
665 771 1013 825 semiparametri,
1055 771 1404 811 Excentricitatis
1441 781 1485 811 et
1519 781 1715 825 tempore
1752 771 1896 813 Perio-

414 835 526 884 dico,
563 837 764 889 proxime
802 836 972 874 veritati
1005 845 1132 875 erunt
1171 834 1465 875 consentanea.
1535 835 1591 875 Et
1627 837 1740 889 quod
1775 848 1895 889 prae-

415 900 567 951 primis
600 900 803 940 vltimum
839 898 921 938 hoc
956 898 1233 939 Elementum
1275 899 1439 947 attinet,
1475 900 1606 939 modo
1643 900 1897 948 innotuerit,

411 962 578 1003 valor-es
614 976 701 1015 pro
737 963 833 1001 loco
868 961 984 1000 Nodi
1020 973 1062 1002 et
1097 962 1369 1004 inclinatione
1405 962 1566 1004 orbitae
1601 965 1711 1004 inter
1746 963 1897 1017 Hypo-

413 1025 544 1065 theses
582 1027 735 1065 nostras
774 1024 994 1065 secundam
1027 1034 1071 1063 et
1106 1027 1275 1064 tertiam
1310 1028 1497 1077 reperiri,
1534 1027 1680 1068 calculi
1701 1028 1763 1068 isti
1784 1028 1900 1080 prio-

415 1100 480 1128 res
533 1087 801 1127 declarabunt
853 1087 1001 1139 quibus
1047 1087 1252 1128 limitibus
1299 1087 1381 1127 hoc
1421 1098 1585 1141 tempus
1624 1090 1892 1131 Per-iodicum

415 1150 807 1204 comprehenditur.

565 1217 599 1264 ξ.
639 1228 710 1255 21.
778 1213 1004 1255 Elementa
1055 1226 1111 1254 ex
1144 1213 1290 1253 decem
1327 1213 1710 1256 combinationibus
1748 1217 1892 1258 nostris

416 1279 714 1334 posterioribus
750 1278 904 1327 elicita,
941 1290 1025 1318 non
1064 1278 1237 1331 quidem
1273 1288 1403 1328 aeque
1440 1276 1544 1315 bene
1581 1278 1690 1316 inter
1725 1279 1762 1318 se
1796 1293 1896 1320 con·

414 1343 584 1398 spirant,
628 1357 674 1384 ac
710 1343 780 1383 illa
817 1355 925 1395 quae
959 1354 1015 1383 ex
1050 1341 1260 1395 prioribus
1280 1339 1667 1380 combinationibus
1686 1340 1898 1382 deducun-

416 1418 521 1461 tur;
577 1421 650 1448 nec
698 1417 839 1447 tamen
876 1419 1028 1447 eorum
1066 1406 1258 1446 diffensus
1295 1414 1433 1444 tantus
1470 1404 1555 1454 est,
1608 1414 1655 1443 vt
1690 1405 1896 1458 imlaedire

415 1482 561 1524 queat,
617 1473 715 1524 quin
755 1471 891 1510 media
926 1483 983 1510 ex
1019 1469 1082 1509 his
1117 1468 1352 1509 Elementis
1390 1467 1522 1508 sumta
1557 1469 1754 1521 proxime
1788 1471 1899 1511 veri-

418 1535 490 1574 tati
528 1536 807 1575 consentanca
858 1532 1101 1574 habeantur.
1171 1531 1301 1586 Quod
1335 1540 1478 1572 autem
1513 1532 1582 1572 hic
1619 1534 1800 1573 maiores
1835 1535 1899 1574 di·

420 1598 676 1652 screpantiae
712 1598 961 1651 prodierint,
997 1596 1087 1637 fieri
1125 1597 1334 1636 necessum
1370 1606 1481 1646 erat,
1517 1597 1614 1648 quia
1648 1598 1793 1650 portio
1827 1611 1899 1638 or-

423 1661 535 1702 bitae
581 1664 689 1703 inter
725 1662 1039 1702 obseruationes
1075 1662 1117 1700 in
1154 1660 1219 1701 his
1256 1660 1639 1700 combinationibus
1676 1660 1896 1712 adhibitas,

420 1727 622 1780 angulum
676 1725 911 1766 anomaliae
967 1726 1042 1766 vix
1086 1728 1163 1774 90⁶
1201 1724 1395 1778 gradibus
1444 1725 1650 1764 maiorem
1685 1725 1897 1777 excipiat3

422 1790 604 1844 indeque
640 1791 767 1830 etiam
804 1791 865 1837 fit,
902 1800 947 1829 rt
982 1789 1146 1830 ralores
1182 1788 1528 1841 semiparametri,
1554 1788 1896 1829 Excentricitatis

424 1865 465 1895 et
501 1854 761 1907 reliquorum
798 1853 1121 1894 Elementorum
1143 1884 1153 1901 ‚
1205 1854 1275 1905 qni
1326 1853 1367 1891 in
1403 1851 1467 1891 his
1503 1852 1670 1892 calculis
1705 1865 1784 1905 pro
1819 1853 1898 1894 fin-

422 1918 528 1970 gulis
565 1918 866 1972 hypothesibus
911 1920 1190 1971 reperiuntur,
1227 1928 1310 1955 non
1348 1916 1524 1969 amplius
1551 1916 1592 1955 in
1614 1916 1894 1969 progressione

424 1980 710 2022 Arithmetica
745 1982 1007 2035 procedant,
1043 1983 1100 2021 ita
1134 1991 1181 2021 vt
1217 1981 1352 2021 nostra
1387 1980 1639 2032 procedendi
1676 1981 1783 2020 ratio
1816 1993 1896 2033 pro

427 2044 754 2084 determinandis
775 2045 1029 2093 Elementis,
1066 2058 1144 2098 pro
1180 2047 1271 2085 casu
1308 2044 1512 2097 praesenti
1550 2053 1706 2083 tantam
1741 2045 1897 2083 exacti-

426 2108 614 2148 tudiuem
646 2120 727 2147 non
756 2108 954 2160 praebeat
982 2122 1025 2148 ac
1051 2122 1126 2160 pro
1144 2109 1296 2161 prioris
1315 2108 1477 2160 generis
1497 2107 1892 2148 combinationibus.

426 2170 494 2224 Sic
515 2184 589 2211 ex:
626 2171 757 2212 causs‘a
792 2184 870 2224 pro
906 2171 1219 2211 combinatione
1239 2171 1360 2210 huius
1383 2170 1508 2210 clanis
1527 2171 1676 2224 prima,
1713 2181 1895 2223 quatuor

426 2234 683 2287 hypotheses
721 2235 882 2289 priores
919 2235 1017 2275 dant
1063 2234 1139 2275 hos
1183 2247 1262 2289 pro
1301 2233 1637 2288 semiparametro
1672 2233 1894 2287 Logarith-

421 2311 534 2340 mos:

1739 2369 1882 2411 o,085
