2029 2750
840 133 972 203 »2253ss
1023 130 1055 207 )],
1078 138 1182 196 1931
1202 131 1235 199 s<
1283 130 1415 184 &03⁴-

397 257 519 307 atqu-e
537 246 798 297 Totmenses
820 244 1008 287 officinas
1036 247 1268 300 halurgicas
1290 277 1302 298 ,
1336 245 1560 300 Lacusque,
1583 247 1770 301 planitiei
1799 263 1881 302 ξιιμ,

396 311 523 352 stralis
544 343 554 362 ‚
592 313 643 352 sal
664 312 756 353 solis
777 311 924 351 ardore
944 309 1203 364 deponentes
1224 341 1234 360 ‚
1270 312 1313 350 in
1333 311 1452 351 vsum
1474 308 1663 352 vertitur.
1721 312 1870 353 Multo

395 376 591 416 ditissima
609 377 663 416 est
685 375 829 417 salibus
851 375 1010 415 Russiae
1030 374 1212 416 australis
1243 388 1336 429 pars
1373 375 1534 416 afiatica
1552 407 1562 426 ,
1599 375 1708 416 vltra
1743 376 1871 418 Wol-

395 453 492 494 gam
512 440 754 486 inferiorem
773 469 786 489 ‚
827 440 937 479 circa
953 439 1100 491 iugum
1121 437 1320 494 Ollstschei
1347 438 1448 490 Syrt
1477 439 1734 493 appellatum
1756 471 1767 492 ,
1802 450 1868 481 to-

397 514 574 558 tumque
597 519 674 559 per
692 504 900 544 desertum
927 501 1177 541 Tataticum
1207 501 1316 541 vltra
1351 500 1440 554 Rhy
1454 516 1583 544 mnum
1604 534 1614 553 ‚
1650 517 1783 557 vsque
1818 506 1868 545 ad

396 567 550 622 Sarasu
588 568 766 608 fluuium
786 575 827 605 et
847 574 1011 604 montes
1030 563 1143 606 Auru
1162 583 1179 590 —
1201 563 1328 605 Uruk<
1351 567 1576 618 appellatos
1597 581 1607 619 3
1643 581 1748 621 quae
1788 570 1870 608 im-

396 632 541 672 mensa
559 631 750 684 planities
771 627 946 668 collibus
967 641 989 666 a
1007 627 1112 680 iugis
1133 626 1323 667 finitimis
1345 627 1488 668 senfim
1509 629 1733 672 deminutis
1755 632 1869 686 quasi

395 694 552 735 vndosa
571 693 758 733 redditur
780 722 791 740 ,
827 691 1059 745 salibusque
1089 700 1137 732 vt
1171 692 1229 732 ita
1263 692 1401 732 dicam
1436 693 1636 733 inundata
1654 696 1720 734 est.
1790 696 1871 736 Per

397 756 594 803 Sibiriam
616 747 768 798 tractus
798 755 912 796 salini
948 755 1124 808 insignes
1161 756 1422 809 crepidinem
1460 758 1571 809 quasi
1606 757 1751 811 legunt
1784 759 1871 812 iugi

396 821 609 863 Vralenfis
630 853 641 871 ,
677 831 717 862 et
736 822 944 862 maximas
968 821 1182 860 montium
1203 830 1371 860 catenae
1390 821 1516 861 variis
1537 822 1606 861 sub
1627 822 1872 875 appellatio-

399 887 519 927 nibus
540 886 714 927 Sibiriae
735 886 837 926 fines
858 884 1048 926 australes
1068 885 1371 925 constituentis.
1439 883 1628 926 Dauuria
1657 895 1699 925 et
1734 887 1874 939 regio-

398 964 472 992 nes
492 963 640 991 omnes
660 950 798 989 versus
819 949 1152 1002 Mongoliam.et
1180 949 1289 988 circa
1317 949 1463 1002 iugum
1501 964 1522 988 a
1557 948 1676 989 malis
1711 962 1874 1002 cogno-

399 1015 607 1059 minatum
629 1011 832 1068 (lablonoi
853 1011 1052 1065 Chr-ebet)
1074 1013 1168 1051 sitae
1187 1012 1229 1050 in
1253 1014 1410 1065 campis
1431 1012 1693 1066 intel-alpinis
1724 1000 1893 1064 salibus,

398 1077 732 1132 superabundant
752 1107 762 1126 ,
800 1088 906 1130 quae
925 1077 1051 1115 etiam
1073 1075 1287 1114 variorum
1310 1075 1535 1116 fluminum
1562 1089 1603 1115 v.
1628 1090 1688 1129 gr.
1726 1076 1883 1131 Angar„

399 1154 470 1183 rae
490 1171 502 1192 ,
539 1141 651 1181 Ilimi
672 1170 682 1190 ,
717 1140 856 1181 Lenae
877 1139 957 1182 διε,
977 1139 1020 1179 in
1040 1139 1139 1192 ripis
1159 1151 1232 1193 per
1251 1134 1387 1179 sontes
1406 1139 1653 1180 muriaticos
1674 1139 1754 1179 sese
1771 1152 1874 1194 pro-

399 1206 517 1246 duna

554 1271 588 1321 ξ.
613 1282 652 1310 2.
718 1267 933 1309 Muriatici
940 1266 1059 1323 salis,
1096 1268 1212 1308 cuius
1233 1268 1422 1308 maxime
1440 1268 1736 1309 abundantiam
1755 1281 1875 1322 prae<-

401 1334 568 1377 cedenti
600 1333 866 1388 paragrapho
899 1332 1105 1387 exposui,
1142 1331 1394 1372 multifariae
1424 1343 1592 1384 quoque
1622 1332 1732 1370 intra
1758 1332 1902 1385 regni-

403 1400 506 1441 fines
527 1407 755 1444 occurrunt
773 1397 992 1438 varietates
1013 1409 1024 1449 3
1058 1395 1262 1438 habemus
1282 1394 1337 1436 sal
1356 1394 1542 1437 culinare
1562 1395 1772 1435 marinum
1788 1425 1798 1445 ,
1834 1402 1878 1436 et
1895 1444 1903 1447 ⁷

404 1464 578 1505 lacustre
598 1494 609 1515 ‚
644 1472 686 1502 et
702 1460 905 1502 fontinale
919 1491 930 1511 ‚
966 1471 1007 1501 et
1025 1473 1267 1514 gemmeum
1288 1460 1353 1500 scu
1375 1469 1640 1509 montanum,
1660 1459 1878 1499 omnium·
1895 1498 1898 1501 ,

407 1540 488 1582 que
510 1540 639 1581 aeque
657 1525 742 1565 fere
762 1538 912 1579 magna
932 1525 987 1565 est
1006 1526 1140 1578 copia.
1210 1523 1377 1565 Deinde
1405 1523 1458 1565 sal
1486 1523 1678 1564 mirabile
1698 1520 1879 1564 Glaube—

407 1592 572 1633 rianum
591 1599 634 1630 et
650 1589 862 1630 Neutrum
883 1589 1089 1629 acidulare
1117 1588 1312 1629 Wallerii
1333 1618 1343 1638 ‚
1379 1588 1622 1642 praesertim
1651 1588 1766 1642 prius
1787 1617 1804 1636 ,
1833 1587 1879 1627 in

408 1656 565 1697 eisdem
595 1654 736 1708 paffim
766 1653 1004 1707 regionibus
1035 1652 1094 1707 (§.
1121 1650 1184 1708 1.)
1212 1653 1365 1706 partim
1395 1666 1548 1706 purum
1569 1682 1580 1700 ‚
1615 1652 1771 1705 partim
1800 1649 1890 1692 sale.

408 1719 635 1762 muriatico
653 1719 837 1759 mixtum
858 1717 1112 1758 offendimus
1134 1730 1146 1770 3
1179 1725 1220 1757 et
1239 1716 1410 1770 quidem
1429 1717 1530 1757 haec
1551 1728 1647 1756 cum
1668 1715 1745 1754 sale
1776 1713 1880 1754 culi-

410 1786 499 1841 nari
518 1783 713 1825 omnium
732 1781 1056 1836 frequentissime
1091 1781 1170 1822 sese
1204 1780 1400 1822 offerunt.
1467 1780 1601 1820 Porro
1635 1776 1879 1819 Viti-iolum

410 1858 452 1894 et
471 1847 656 1890 Alumen
679 1848 719 1887 in
750 1847 926 1888 matrice
952 1845 1143 1887 schistosa
1161 1876 1172 1896 ,
1207 1845 1391 1899 pyritosa
1410 1875 1421 1895 ,
1457 1853 1645 1884 terreave
1663 1872 1674 1893 ,
1708 1841 1878 1882 Humus

409 1913 537 1954 Nitro
558 1914 672 1953 diues
693 1913 782 1952 imo
801 1910 977 1952 Nitrum
998 1907 1186 1950 natiuum
1216 1909 1407 1963 plurimis
1445 1909 1487 1949 in
1523 1908 1626 1948 locis
1646 1937 1657 1957 ,
1692 1919 1768 1960 per
1802 1917 1881 1945 nu-

410 1978 618 2030 perrimos
639 1977 825 2016 maxime
845 1974 1114 2016 Itineratores
1134 2004 1144 2024 ,
1181 1987 1414 2028 magnaque
1443 1973 1560 2027 saepe
1588 1972 1631 2011 in
1660 1969 1783 2023 copia
1809 1968 1881 2008 de·

414 2040 571 2080 tecium
599 2039 667 2078 est.
736 2038 806 2080 Sal
825 2038 1132 2080 Ammoniaum
1162 2039 1273 2080 circa
1306 2039 1507 2079 vulcanos
1542 2043 1709 2076 montes
1746 2032 1879 2073 Kam-

414 2103 618 2145 tschatcae
639 2112 761 2155 atque
781 2101 1011 2144 Insularum
1046 2104 1191 2143 oceani
1226 2103 1395 2143 Pacifici
1429 2099 1618 2155 generari
1639 2128 1650 2147 ,
1687 2096 1879 2137 nondum

416 2169 610 2224 equidem
632 2167 754 2207 certis
775 2166 1131 2206 obseruationibus
1151 2168 1322 2215 constat,
1351 2162 1716 2205 verosimillimum
1738 2170 1880 2200 tamen

417 2232 503 2282 est3
538 2242 584 2272 vt
602 2241 642 2271 et
660 2230 766 2270 hanc
785 2230 873 2270 salis
893 2230 1251 2270 modificationem
1280 2229 1389 2270 inter
1416 2227 1638 2282 inquilinas
1668 2223 1881 2266 recensere

416 2297 614 2353 poffimus
629 2327 639 2347 ‚
676 2304 717 2336 et
735 2304 843 2336 certe
863 2294 966 2336 olim
987 2308 1008 2336 e
1028 2294 1241 2335 montibus
1260 2293 1398 2335 versus
1418 2292 1582 2334 Indiam
1602 2288 1882 2338 tendentibus,

662 2362 674 2369 ’·
1808 2350 1884 2405 qui
