2029 2750
891 133 1008 186 »ἕξ
1070 131 1263 189 >rw(
1327 133 1442 185 ἔξω

953 242 1291 303 Scholion
1336 265 1387 304 ρ.

561 361 595 411 ξ.
639 372 655 399 1
670 371 707 400 2.
777 356 994 413 Quoniam
1022 357 1064 397 in
1087 356 1184 397 loco
1204 357 1334 396 citato
1353 355 1479 395 etiam
1499 356 1791 409 experimenta
1809 354 1908 399 affe·

436 434 595 474 rnntur,
631 424 779 498 quibus
811 432 895 463 tam
916 421 1107 462 refrac‘tio
1126 420 1288 460 radium
1307 419 1531 460 rubrorum
1552 432 1677 473 quam
1697 421 1910 461 violaceo-

432 502 542 535 rum,
583 501 637 528 ex
673 493 717 529 ae
713 492 765 527 ‘re
786 488 858 526 in
847 498 996 538 aquam
1018 482 1252 524 distillatam
1289 484 1605 532 transeuntium,
1641 483 1695 524 est
1725 483 1908 533 definita,

427 565 539 605 ’aqua
574 563 677 591 vero
706 551 833 590 etiam
865 560 1011 587 omnes
1037 545 1172 586 radios
1201 546 1414 587 liberrime
1434 549 1716 588 transmittere
1737 549 1790 589 cst
1812 558 1910 588 cen-

431 615 571 661 senda,
602 614 703 652 haec
733 622 901 664 quoque
921 611 1216 664 experimenta
1236 610 1285 650 ad
1304 609 1510 650 calculum
1532 613 1718 653 nostrum
1738 625 1909 653 reuoce-

435 690 544 724 mus,
569 676 749 728 indeque
769 674 961 715 valorem
980 674 1142 714 litterae
1161 675 1321 714 nostrae
1339 688 1365 713 α
1383 674 1635 715 detinemus.
1688 676 1911 730 Reperitur

438 748 578 780 autem
596 739 653 779 ibi
672 738 865 780 refratstio
885 739 1099 778 radiorum
1118 739 1358 783 rubrorum,
1383 736 1449 777 seu
1479 736 1584 778 R:
1601 751 1639 790 1,
1657 750 1791 790 3293,
1819 740 1912 780 vio—

437 803 651 844 laceorum
687 812 828 844 autem
863 801 909 842 V
925 817 981 843 z
1006 813 1044 853 1,
1069 806 1192 854 3406
1213 815 1225 856 3
1258 801 1370 842 vnde
1387 813 1484 841 cum
1509 801 1557 842 fit

566 877 636 918 IR
654 893 710 918 z
730 889 772 928 0,
798 881 1015 927 1236230
1052 887 1094 918 et
1127 877 1206 920 IV
1223 894 1280 920 z
1298 888 1341 929 0,
1367 883 1583 931 1272992
1620 879 1698 921 erit

570 968 597 994 α
614 968 670 994 Ξ
690 953 806 1004 ἑΞὲ-ἒὲίἰ
841 954 1022 1007 hincque
1057 955 1116 995 ῖα
1133 968 1189 994 Ξ
1207 968 1252 1005 9,
1270 963 1491 1004 9872735

438 1029 550 1071 vnde
570 1028 712 1082 prodit
731 1043 757 1069 α
775 1042 831 1068 Γ.
850 1040 876 1066 0
911 1040 1000 1077 971
1015 1041 1069 1066 12
1106 1039 1148 1069 et
1181 1032 1276 1082 ξιτ,
1299 1044 1337 1079 1,
1358 1042 1547 1081 029743
1583 1032 1692 1072 vnde
1717 1031 1915 1085 proxime

436 1095 622 1146 sequitur
657 1092 747 1132 fore
782 1095 877 1144 2:
904 1105 921 1129 1
945 1099 1010 1137 -—'s-
1028 1095 1060 1144 32,
1094 1104 1135 1132 et
1169 1108 1193 1133 α
1210 1108 1266 1133 Ξ
1290 1106 1308 1131 1
1331 1115 1374 1121 ——
1392 1096 1446 1145 3¹2.
1513 1092 1750 1135 Discrimen
1787 1096 1916 1148 igitur

440 1160 550 1198 inter
568 1157 644 1198 hos
665 1155 786 1197 binos
805 1154 971 1195 valores
990 1154 1152 1197 litterae
1170 1171 1196 1197 α
1217 1157 1351 1197 maius
1370 1158 1551 1205 videtur,
1567 1170 1693 1210 quam
1715 1168 1760 1198 vt
1779 1160 1915 1198 incer-

444 1221 612 1262 titudini
643 1221 1036 1274 experimentorum
1073 1219 1197 1259 tribui
1227 1219 1377 1273 poffit3
1406 1232 1556 1260 verum
1580 1230 1720 1261 tamen
1756 1220 1784 1260 fi
1819 1235 1914 1275 per·

443 1285 696 1342 pendamus,
724 1285 765 1323 in
794 1284 1020 1338 posteriore
1040 1283 1335 1336 experimento
1352 1283 1629 1322 differentiam
1657 1283 1917 1325 refractionis
1975 1331 1978 1334 Δ

443 1361 531 1391 tam
559 1347 672 1389 fuisse
702 1349 914 1401 exiguam,
941 1355 987 1386 vt
1007 1345 1230 1387 leuiffimus
1251 1359 1369 1387 error
1396 1347 1439 1385 in
1458 1345 1746 1386 obseruatione
1769 1348 1917 1401 imagi—

445 1427 547 1454 num
568 1413 678 1454 haud
698 1412 966 1453 mediocriter
984 1410 1146 1450 litterae
1165 1426 1192 1450 α
1213 1411 1402 1451 valorem
1422 1420 1582 1450 mutare
1605 1410 1805 1460 debuerit,
1826 1421 1918 1451 tum

445 1490 564 1525 vero,
585 1475 744 1530 (nullae
763 1476 876 1516 enim
896 1474 1229 1515 circumstantiae
1247 1474 1372 1514 huius
1392 1474 1629 1527 posterioris
1650 1475 1919 1528 experimen-

446 1542 477 1582 ti
498 1535 910 1591 commemorantur)
932 1537 959 1577 si
984 1550 1089 1589 aqua
1110 1538 1218 1578 intra
1241 1538 1356 1578 binas
1377 1538 1587 1578 meniscos
1615 1538 1771 1578 vitreas
1793 1537 1921 1578 fuerit

447 1603 615 1650 inclusa,
636 1604 696 1643 vti
716 1603 895 1650 videtur,
915 1601 1126 1641 conclusio
1146 1602 1240 1642 inde
1267 1602 1440 1642 deducta
1460 1614 1544 1642 non
1564 1602 1739 1654 exiguae
1759 1601 1923 1642 dubita-

449 1668 556 1709 tioni
576 1667 763 1707 obnoxia
776 1667 854 1706 erit
868 1665 1080 1717 censenda3
1094 1666 1151 1705 ita
1164 1675 1209 1705 vt
1222 1666 1357 1706 littera
1373 1681 1400 1705 α
1420 1665 1658 1706 notabiliter
1673 1667 1806 1705 maior
1824 1677 1923 1718 pro-

450 1733 538 1773 dire
552 1731 757 1784 potuiss‘et.
784 1728 896 1783 Quia
909 1742 1013 1768 vero
1026 1730 1150 1769 etiam
1165 1730 1276 1782 prius
1291 1730 1629 1782 experimentum
1645 1741 1727 1767 non
1742 1728 1790 1767 ab
1803 1728 1922 1768 omui

453 1807 593 1837 errore
631 1795 820 1835 immune
856 1793 1133 1846 pronunciare
1153 1793 1380 1847 possumus,
1408 1791 1571 1832 fortaffe
1599 1806 1622 1830 a
1648 1792 1825 1831 veritate
1846 1792 1923 1830 vix

452 1858 749 1908 aberrabimus,
787 1857 814 1897 fi
833 1857 994 1897 litterae
1022 1873 1048 1897 α
1076 1857 1263 1897 valorem
1291 1857 1506 1909 aliquanto
1524 1855 1727 1895 majorem
1748 1867 1875 1908 quam
1892 1856 1926 1907 3

454 1923 702 1972 tribuamus,
721 1922 851 1963 veluti
871 1920 1073 1961 sumendo
1095 1925 1208 1971 <2:12
1227 1921 1295 1961 vel
1316 1921 1360 1972 325.
1403 1918 1528 1961 Certe
1547 1919 1661 1959 enim
1681 1917 1761 1958 hoc
1785 1917 1926 1958 discri-

457 1998 554 2026 men
576 1998 659 2025 non
681 1987 785 2026 tanti
803 1985 970 2026 videtur
989 1986 1211 2035 momenti,
1247 1995 1294 2026 vt
1313 1984 1474 2026 theoria
1500 1983 1568 2024 hic
1597 1982 1770 2024 stabilita
1788 1981 1925 2022 euerti

453 2048 503 2090 fit
539 2048 755 2090 censenda.

985 2122 1404 2182 Theorema.

589 2223 734 2271 §.13.
804 2219 847 2262 Si
876 2222 979 2263 radii
1007 2219 1109 2263 lucis
1137 2236 1190 2264 ex
1219 2225 1359 2265 medio
1378 2233 1629 2278 quocunque
1647 2215 1930 2277 diaphanoM

451 2287 497 2330 in
527 2285 636 2329 aliud
665 2286 947 2344 quodcunque
966 2286 1009 2330 N
1029 2289 1377 2349 transmittantur,
1403 2298 1445 2330 et
1463 2289 1569 2330 ratio
1587 2286 1847 2330 refraoionis
1864 2296 1929 2324 ra-

1836 2346 1929 2388 dio-
