2029 2750
897 110 1014 162 ωὲεἱὲ
1079 109 1091 165 )
1132 120 1185 149 ¹0
1223 107 1237 164 (
1303 108 1417 160 &12ss⁴-

408 221 707 278 -telligentibus
744 222 973 277 periculosa
1008 224 1099 271 erit,
1131 222 1331 275 quoniam
1367 229 1566 269 euentus,
1603 233 1728 274 quem
1764 223 1888 281 statu-

413 300 509 336 ent,
546 289 705 342 semper
741 289 818 328 erit
854 287 1004 327 maiori
1040 285 1329 340 probabilitate
1364 286 1554 325 donatus.
1591 298 1714 338 quam
1751 286 1777 326 fi
1799 299 1888 328 me·-

411 353 555 395 *thado
590 353 808 393 communi
845 349 1161 392 adhaerescant:
1197 363 1294 390 cum
1330 362 1384 390 ex
1429 359 1574 389 natura
1624 350 1683 389 rei
1735 350 1890 391 decifio

423 427 535 457 certa
570 430 653 457 non
691 417 840 464 detur,
877 415 935 455 nil
970 413 1160 468 superest,
1196 425 1322 465 quam
1356 422 1402 454 vt
1437 413 1689 468 probabilius
1726 413 1887 467 praese-

420 491 536 522 ratur
569 482 706 522 minus
742 478 959 534 probabili.

551 548 584 595 §.
621 559 663 595 9.
716 543 971 584 Methodum
1006 540 1123 578 istam
1160 538 1479 592 philosophandi
1515 540 1667 580 triuiali
1703 541 1886 594 quodam

421 608 631 649 illustrabo
666 605 893 658 exemplo:
930 603 1224 660 conciliandae⁴
1248 603 1415 655 proprie
1450 602 1541 643 sunt
1578 604 1887 646 obseruationes

420 671 722 725 discrepantes'3
743 681 844 722 ergo
879 668 930 708 de
964 666 1202 708 differentia
1237 665 1576 706 obseruationum
1597 669 1888 723 agitur-‚quod

420 735 448 775 fi
485 732 624 775 autem
661 734 817 774 aleator
851 745 934 772 vna
968 744 1063 772 cum
1100 731 1188 771 alea
1221 739 1303 771 tres
1325 728 1468 770 fecerit
1511 730 1640 770 iaetus
1660 761 1670 780 ‚
1706 745 1887 786 quorum

420 798 621 839 secundus
656 799 842 851 primum
886 808 973 836 vno
1017 796 1202 849 pund‘to,
1255 794 1400 834 tertius
1451 793 1675 835 secundum
1726 796 1888 837 duobus

419 863 582 916 punctis
619 861 847 910 excesserit,
868 861 995 901 iat‘tus
1032 859 1160 900 tribus
1196 858 1332 899 modis
1354 858 1452 897 oriri
1473 868 1715 912 potuerunt,
1736 873 1888 913 nempe

426 939 463 964 1.
488 939 578 976 2.4
628 926 696 966 vel
751 937 852 973 2.3.
877 936 897 973 5
953 924 1021 964 wel
1077 935 1178 973 3.4.
1203 926 1263 975 63
1314 921 1467 961 horum
1518 922 1699 963 iactuum
1753 923 1888 965 nullus

420 990 583 1030 duobus
619 990 790 1031 caeteris
826 989 882 1029 est
917 987 1242 1042 praeferendu53
1278 986 1423 1039 finguli
1459 984 1550 1029 sunt
1583 999 1658 1038 per
1693 987 1731 1028 se
1760 1001 1889 1042 aeque

419 1054 654 1108 probabiles
675 1050 697 1106 3⁴
721 1053 749 1094 fi
784 1052 989 1107 praeferas
1025 1052 1199 1092 modum
1236 1050 1376 1091 medio
1405 1049 1500 1089 loco
1519 1049 1715 1102 pofitum,
1737 1059 1890 1105 nempe

427 1131 466 1156 2.
491 1130 529 1166 3.
555 1130 597 1168 5,
632 1118 674 1158 id
710 1117 862 1170 absque
897 1116 981 1156 vlla
1015 1117 1177 1156 ratione
1214 1115 1391 1164 seceris·,
1426 1113 1557 1154 limile
1591 1114 1688 1167 quid
1725 1116 1891 1154 contin-

422 1181 498 1234 git,
534 1182 563 1222 fi
598 1180 908 1222 obseruationes
943 1193 1022 1234 pro
1057 1189 1173 1233 parte
1208 1178 1447 1219 euentuales
1470 1207 1480 1225 ,
1517 1178 1599 1217 siue
1645 1178 1892 1219 astronomi-

421 1257 488 1284 cas
525 1245 607 1285 fiue
644 1245 746 1285 alius
782 1245 976 1298 generis,
1013 1256 1090 1296 pro
1126 1256 1254 1296 aeque
1289 1241 1570 1296 probabilibus
1601 1240 1743 1281 haberi
1762 1241 1893 1293 velis;

421 1309 505 1349 iam
540 1321 643 1349 vero
678 1308 788 1362 finge
823 1308 1049 1347 aleatorem
1084 1306 1255 1346 iactibus
1292 1306 1468 1345 duarum
1498 1305 1695 1355 alearum,
1732 1315 1796 1346 ter
1814 1307 1894 1346 ite-

421 1383 516 1411 rum
553 1373 772 1424 repetitis,
809 1371 987 1411 eundem
1024 1370 1144 1423 plane
1180 1368 1358 1409 habuiffe
1395 1378 1624 1418 euentum3
1661 1380 1760 1409 tunc
1794 1372 1893 1411 octo

422 1430 591 1474 d'iuerfis
629 1435 765 1474 modis
800 1434 911 1473 hunc
947 1443 1143 1472 euentum
1182 1432 1370 1472 obtinere
1390 1433 1541 1484 potuit,
1564 1441 1713 1486 nempe
1733 1446 1774 1472 2.
1795 1445 1832 1481 3.
1851 1445 1895 1486 ςς
1915 1457 1917 1459 -

426 1501 609 1548 3.4.6;
655 1512 696 1548 4.
723 1508 843 1547 5.7·,
891 1500 1073 1546 5.6.8;
1119 1500 1303 1546 6·7·9‚'
1350 1507 1389 1541 7.
1416 1504 1452 1537 8.
1480 1507 1566 1546 103
1617 1504 1792 1547 8..9.11
1849 1507 1892 1538 et

423 1573 672 1610 9.10.12·.
709 1571 748 1600 at
786 1559 965 1600 multum
1003 1559 1110 1598 abest
1132 1590 1142 1608 ,
1178 1569 1224 1598 vt
1270 1571 1416 1598 corum
1453 1559 1597 1612 singuli
1635 1561 1712 1600 fint
1763 1574 1898 1614 acque-

423 1625 689 1680 probabile53
723 1618 890 1664 'notum
926 1624 1040 1663 enim
1077 1623 1146 1672 est,
1182 1622 1490 1677 probabilitatcs
1526 1623 1766 1676 resped‘tiuas
1795 1638 1893 1678 pro-

422 1689 540 1742 gredi
575 1699 622 1728 vt
658 1688 819 1730 numeri
861 1696 908 1739 83
942 1699 1026 1738 303
1057 1699 1140 1738 723
1177 1699 1288 1737 1003
1322 1699 1432 1738 1203
1460 1699 1544 1738 903
1573 1699 1631 1736 40
1652 1697 1692 1728 et
1717 1701 1802 1739 123
1837 1701 1900 1728 ex—

423 1751 501 1792 hac
538 1761 680 1793 autem
716 1751 820 1793 scala
854 1753 1024 1804 cognita
1074 1752 1163 1791 iure
1215 1750 1420 1791 concludo
1472 1751 1662 1804 potiori,
1714 1753 1891 1792 modum

426 1816 639 1869 contigisse
674 1817 869 1870 quintum
905 1828 980 1856 ceu
1016 1816 1204 1856 maxima
1222 1814 1510 1868 probabilitate
1530 1815 1745 1865 donatum,
1766 1829 1895 1868 quam·

427 1878 561 1919 vnum
599 1880 759 1929 alium,
795 1890 918 1933 atque
955 1879 1007 1920 sic
1045 1890 1126 1919 tres
1162 1879 1288 1919 iaetus
1324 1880 1514 1919 binarum
1552 1879 1733 1920 alearum
1776 1879 1891 1919 fuisse

430 1945 481 1991 6,
504 1954 530 1988 7
567 1952 607 1982 et
642 1957 704 1994 93
740 1957 866 1984 nemo
900 1954 1040 1984 tamen
1076 1943 1234 1984 inficias
1270 1944 1358 1993 ibit,
1378 1943 1552 1997 potuisse
1586 1943 1692 1984 forte
1726 1942 1892 1983 fortuna

425 2005 603 2046 modum
637 2009 777 2060 primo
811 2008 908 2048 loco
940 2008 1121 2061 pofitum
1177 2021 1226 2057 2,
1267 2020 1288 2056 3
1328 2018 1368 2048 et
1406 2020 1426 2057 5
1483 2009 1752 2061 contingere,
1796 2016 1892 2047 vtut

427 2078 590 2110 tantum
626 2071 787 2111 decima
823 2072 968 2124 quinta
1002 2073 1303 2124 probabilitatis
1323 2082 1451 2125 parte,
1471 2084 1574 2124 quac
1593 2065 1722 2111 modo
1742 2073 1907 2124 quinto'

428 2134 662 2187 competi-t,
697 2136 932 2186 donatum3
967 2134 1019 2174 sic
1055 2136 1159 2176 nihil
1195 2135 1303 2175 aliud
1339 2135 1446 2176 facio
1481 2148 1606 2188 quam
1641 2136 1784 2188 quod,
1836 2136 1898 2177 se-

426 2197 554 2250 ligere
589 2200 778 2249 coactus,
814 2199 978 2252 seligam
1016 2201 1126 2251 quod
1162 2199 1347 2239 maxime
1381 2202 1436 2241 est
1471 2199 1693 2253 probabile.
1731 2200 1892 2254 Quam—

430 2261 495 2302 vis
528 2261 634 2304 istud
668 2263 912 2319 exemplum
948 2263 1136 2304 nondum
1171 2263 1291 2318 plane
1327 2267 1498 2317 quadret
1533 2265 1580 2304 ad
1603 2273 1892 2319 argumentum

519 2338 527 2347 ·
1817 2341 1892 2371 no-
