2029 2750
884 164 1000 219 ”3³33
1065 162 1079 226 )
1120 161 1258 220 146(
1323 164 1438 220 &3900-

421 289 526 331 quae
555 279 733 321 lineolae
754 279 820 335 Pp
840 289 880 320 et
899 279 992 336 Qq,
1012 282 1082 323 etsi
1106 283 1198 324 sunt
1217 294 1332 341 arcu}
1353 283 1587 332 circulares,
1609 282 1678 323 hic
1699 291 1897 338 tanquam

420 343 554 386 restae
576 345 625 386 ad
645 345 932 387 Meridianum
951 345 992 387 A
1007 345 1040 386 B
1061 347 1267 389 normales
1290 346 1459 401 spectari
1479 356 1690 402 poterunt,

552 445 586 493 ξ.
629 451 665 487 8.
733 442 926 485 Ducatur
946 457 1055 484 nunc
1076 457 1150 497 per
1170 445 1363 498 punctap
1385 454 1425 484 et
1445 459 1467 498 q
1487 446 1636 499 rec'tap
1657 458 1679 498 q
1701 441 1742 485 O
1762 444 1901 486 Meri-

421 507 547 547 diano
567 508 787 560 principali
806 507 848 546 A
863 507 897 546 B
916 508 1124 559 producto
1144 519 1366 548 occurrens
1388 511 1428 547 in
1444 507 1500 558 O,
1520 519 1643 562 atque
1664 508 1764 548 haec
1784 511 1896 551 reeta

423 569 464 612 O
478 579 538 625 qp
557 572 706 610 referet
724 571 974 622 proximum
994 569 1283 610 Meridianum
1303 585 1325 610 a
1343 573 1564 626 principali
1584 586 1670 612 vno
1688 573 1818 625 gradu
1837 573 1897 614 se-

422 635 606 674 cundum
628 634 934 686 longitudinem
956 643 1180 672 remotumt
1201 634 1435 687 eodemque
1455 637 1583 676 modo
1603 650 1656 677 ex
1676 638 1832 690 puncto
1854 633 1898 678 O

422 709 571 737 omnes
591 697 741 750 reliqui
760 696 989 736 Meridiani
1008 697 1128 736 facile
1148 697 1269 738 educi
1288 709 1500 751 poterunt.
1546 699 1629 740 Pro
1648 701 1804 753 puncto
1823 713 1895 741 au-

421 771 507 802 tem
528 761 750 801 concursus
770 757 813 800 O
832 761 1087 801 inueniendo
1106 760 1178 801 fiat
1195 760 1316 816 Pp—
1329 761 1407 817 Qq
1420 779 1426 802 τ
1441 764 1472 804 Ρ
1486 761 1574 817 Q:
1585 763 1651 817 Pp
1666 778 1672 802 :
1686 763 1716 803 P
1731 762 1796 817 03
1814 765 1898 805 hoc

419 826 496 867 est:
515 821 675 880 5(cos.p
689 823 794 864 —cos.
812 822 883 879 q):
900 821 1093 879 q—pzd
1106 823 1224 880 cos.p
1239 841 1245 865 :
1259 825 1291 866 P
1305 823 1361 875 O,
1381 829 1492 868 vnde
1511 826 1558 866 fit
1576 826 1607 866 P
1623 822 1897 899 Ozfgj-JJ-Jffi

421 896 486 937 Ita
507 895 549 943 ‚s1
586 892 768 935 sumatur
815 902 844 949 p
857 908 911 933 Ξ
926 899 1001 944 50⁰
1051 905 1093 936 et
1128 910 1217 950 q:
1231 901 1321 946 600,
1360 901 1592 952 reperietur
1629 900 1898 942 interuallum

421 959 453 1002 P
468 957 677 1010 0:450.
698 958 745 999 1¹.
782 958 999 1013 Quoniam
1026 960 1152 1012 igitur
1172 962 1376 1014 punctum
1395 962 1425 1002 P
1444 963 1493 1003 ab
1513 963 1757 1015 Aequatore
1777 964 1897 1004 distat

426 1027 516 1074 500,
538 1023 683 1077 puncti
703 1020 745 1063 O
769 1023 959 1062 distantia
977 1022 1025 1062 ab
1047 1023 1290 1075 Aequatore
1310 1027 1389 1066 erit
1407 1031 1500 1076 95⁰.
1520 1028 1568 1078 1¹,
1588 1028 1767 1084 ideoque
1786 1027 1898 1069 vltra

421 1086 572 1144 polum
588 1086 750 1131 Terrae
770 1086 890 1129 cadet
909 1085 958 1129 ad
977 1086 1210 1130 distantiam
1233 1091 1287 1140 5⁰.
1306 1085 1353 1129 1¹.

538 1191 573 1242 §-
609 1205 650 1242 9.
721 1188 937 1248 Quoniam
966 1193 1094 1247 igitur
1123 1189 1227 1234 istud
1255 1191 1456 1246 punctum
1479 1189 1536 1242 O,
1566 1206 1619 1235 ex
1640 1207 1724 1248 quo
1745 1205 1894 1234 omnes

424 1254 652 1297 Meridiani
673 1257 912 1306 educentur,
925 1257 1133 1298 diuersum
1154 1258 1311 1309 prodiit
1329 1269 1464 1297 avero
1484 1257 1584 1309 polo
1604 1259 1800 1307 terrestri,
1813 1271 1898 1298 vn-

425 1321 476 1361 de
507 1320 548 1360 in
570 1320 755 1374 Sphaera
773 1333 919 1361 omnes
942 1316 1170 1361 Meridiani
1189 1321 1470 1373 egrediuntur,
1491 1320 1588 1361 hinc
1607 1323 1752 1374 vtique
1771 1322 1812 1360 in
1833 1334 1899 1362 re-

423 1384 618 1439 gionibus
648 1384 749 1438 polo
778 1384 985 1438 proximis
1015 1385 1204 1424 maxime
1234 1380 1402 1424 absurda
1421 1383 1739 1436 repraesentatio
1761 1384 1900 1424 nasce-

423 1458 553 1488 retur.
623 1447 790 1488 Verum
826 1450 922 1502 quia
955 1449 1000 1487 in
1029 1461 1182 1501 mappa
1208 1448 1390 1500 generali
1419 1447 1593 1500 Imperii
1614 1447 1764 1488 Russici
1787 1447 1900 1488 nulla

422 1512 518 1552 loca
536 1511 644 1552 vltra
664 1512 781 1560 70³¹&
805 1512 980 1564 gradum
999 1511 1228 1551 latitudinis
1259 1511 1449 1552 exhiberi
1470 1511 1740 1561 assumuntur⁷
1777 1513 1899 1553 dum—

424 1575 558 1618 modo
576 1588 656 1629 pro
675 1573 752 1615 hac
772 1575 990 1615 latitudine
1010 1587 1128 1615 error
1149 1587 1233 1615 non
1251 1576 1428 1628 prodeat
1455 1577 1656 1626 enormis,
1692 1575 1763 1616 illa
1783 1577 1899 1617 aber-

424 1641 532 1681 ratio
551 1638 670 1679 facile
690 1638 861 1680 tolerari
880 1639 1048 1693 poterit.
1097 1639 1278 1679 Inuento
1297 1650 1438 1679 autem
1459 1640 1540 1680 hoc
1559 1641 1717 1693 puncto
1739 1638 1795 1689 O,
1815 1641 1901 1694 pri-

425 1717 545 1746 mum
575 1716 628 1743 ex
649 1715 700 1743 eo
719 1701 969 1744 describatur
995 1703 1218 1744 interuallo
1237 1700 1279 1742 O
1295 1702 1325 1742 P
1344 1703 1536 1751 circulus,
1571 1705 1686 1743 cuius
1708 1703 1900 1756 periphe-

426 1769 489 1809 ria
513 1767 724 1807 diuidatur
751 1768 793 1806 in
813 1776 950 1819 partes
969 1764 1188 1821 :Scosp
1207 1767 1439 1820 vniquippe
1459 1767 1602 1819 gradui
1623 1767 1745 1806 huius
1766 1765 1902 1819 paral-

427 1831 499 1872 leli
527 1830 784 1884 aequalibus,
819 1840 863 1871 et
891 1831 1024 1871 rectae
1052 1842 1107 1871 ex
1134 1830 1207 1871 illo
1226 1831 1382 1884 puncto
1402 1828 1443 1871 O
1463 1844 1538 1883 per
1556 1831 1712 1883 singula
1733 1829 1903 1869 diuisio—

427 1908 530 1935 num
558 1896 710 1948 puncta
737 1895 882 1936 ductae
911 1895 1066 1935 dabunt
1094 1906 1240 1935 omnes
1278 1892 1609 1935 Meridianos‘in
1638 1907 1789 1947 mappa
1829 1894 1904 1933 du-

427 1959 597 1998 cendos.
665 1957 808 2011 Atque
836 1958 917 1999 hoc
946 1960 1076 1999 modo
1094 1971 1242 2000 omnes
1263 1958 1407 1999 circuli
1427 1972 1481 1998 ex
1501 1968 1647 1999 centro
1667 1955 1708 1998 O
1727 1970 1803 2010 per
1824 1954 1904 1997 fin-

427 2020 549 2075 gulos
568 2021 718 2073 gradus
731 2021 955 2062 Meridiani
976 2022 1166 2077 descripti
1186 2022 1343 2063 dabunt
1362 2035 1509 2063 omnes
1532 2020 1708 2062 circulos
1731 2019 1902 2073 paralle-

427 2085 492 2126 los
532 2085 574 2124 in
612 2097 764 2137 mappa
781 2086 1106 2136 constituendos,
1144 2089 1216 2139 qui
1244 2088 1302 2126 ita
1329 2095 1452 2126 erunt
1480 2084 1727 2136 comparati,
1761 2094 1808 2123 vt
1826 2095 1906 2137 pro

430 2149 539 2189 binis
572 2148 857 2188 latitudinibus
880 2155 909 2200 p
939 2157 978 2187 et
1007 2162 1031 2200 q
1051 2162 1199 2188 eorum
1224 2150 1373 2201 gradus
1393 2147 1665 2201 longitudinis
1685 2147 1736 2186 ad
1754 2140 1904 2201 grad'us

426 2211 659 2254 latitudinis
679 2223 821 2251 veram
842 2221 1010 2251 teneant
1029 2212 1248 2251 rationem.
1301 2212 1395 2251 Hoc
1425 2213 1551 2265 igitur
1571 2212 1701 2251 modo
1719 2220 1807 2252 rete
1826 2223 1906 2265 pro

432 2276 502 2317 tali
549 2287 700 2328 mappa
734 2274 914 2328 generali
951 2273 1068 2315 facile
1112 2276 1387 2321 construetur,
1422 2287 1507 2327 quo
1544 2274 1653 2315 fac‘to
1689 2275 1908 2330 inscriptio

434 2340 629 2383 omnium
647 2334 965 2384 Prouinciarum
985 2338 1099 2380 nulla
1117 2338 1296 2395 amplius
1316 2339 1523 2382 laborabit
1540 2338 1797 2382 difficultate.

1763 2406 1796 2456 §.
1839 2413 1907 2445 10.
