2029 2750
593 177 708 233 »ἓξ
770 174 785 235 )
827 183 910 229 135
951 175 966 234 (
1031 177 1181 230 ἔξω,

87 328 109 345 ,
137 305 178 334 v.
191 293 230 333 c.
251 290 469 346 liquefaRO
486 289 587 330 vafis
606 290 829 342 argillaceis
851 319 861 338 ,
897 292 1040 330 vitreis
1060 291 1257 344 ligneisue
1276 288 1406 347 probe
1435 291 1589 334 siccatis

136 366 177 398 et
196 355 364 397 suffultis
383 353 515 394 infuso
533 363 574 393 et
590 353 679 406 post
705 352 1061 406 refrigerationem
1098 357 1286 395 extrasto
1305 369 1317 407 3
1352 358 1392 396 in
1412 365 1592 410 vtroque

135 420 319 460 viuidam
340 418 442 466 satis,
463 417 696 457 constanter
717 416 935 468 positiuam
955 418 996 457 in
1019 419 1143 467 vitro,
1165 420 1205 458 in
1227 418 1420 472 sulphure
1440 422 1596 473 negati-

136 495 249 533 uam,
280 481 367 521 vim
396 479 668 534 deprehendit
695 479 945 529 elec‘tricam,
982 483 1022 522 in
1045 482 1237 537 sulphure
1258 482 1441 538 sulphuri
1462 483 1596 525 infuso

136 544 316 594 nullam3
333 555 437 595 quae
456 544 634 598 denique
654 545 942 598 experimenta
960 546 1060 587 vasis
1081 546 1297 588 metallicis
1314 548 1488 587 instituit
1503 546 1593 589 Cel.

135 608 308 662 Aepinus
327 619 338 658 3
375 617 496 660 atque
515 607 577 648 his
598 608 765 661 quidem
785 609 1040 661 potiffimum
1061 610 1291 662 pos‘remae
1311 611 1437 653 claffis
1458 611 1594 652 obser-

135 670 369 712 uationibus
397 672 603 723 originem
632 671 742 712 suam
762 672 911 713 debere
933 674 1086 714 merito
1105 673 1270 714 videtur
1288 674 1476 727 praesens
1497 705 1507 721 ‚
1543 676 1594 715 de

137 747 219 788 qua
237 735 372 786 agitur
392 765 402 783 ,
438 735 643 776 machina.
711 735 887 776 Aestatis
924 738 1169 789 praeteritae
1189 737 1327 777 medio
1346 751 1495 790 paruus
1516 738 1596 780 hu·

134 798 198 839 ius
219 797 435 839 machinae
470 799 664 839 modulus
699 797 867 839 Vienna
902 798 1143 852 Petropolin
1179 800 1234 839 est
1269 802 1518 841 transmissus
1554 812 1595 842 et

139 874 236 902 cum
273 862 495 914 spontanea
523 874 562 903 ct
581 863 752 916 inopina
770 862 880 916 quasi
903 863 944 902 vi
964 861 1030 903 sua
1047 863 1297 916 peritiorum
1318 866 1595 905 attentionem

138 926 227 966 iure
246 925 316 965 fibi
334 923 576 972 vindicaret,
596 927 748 980 pluries
773 927 919 966 maiori
935 926 1126 966 mensura
1144 926 1410 966 construc‘tus.
1446 927 1598 966 Multi-

106 1023 111 1025 Δ
135 989 311 1044 plicibus
331 992 640 1043 experimentis,
662 1003 767 1043 quae
786 991 827 1029 in
843 991 1047 1030 eiusmodi
1069 989 1275 1038 machina,
1296 991 1517 1030 mediocris
1538 1000 1597 1030 ta-

139 1066 236 1093 men
257 1053 429 1101 moduli,
449 1054 536 1093 cius
550 1067 689 1093 veram
704 1053 888 1093 indolem
903 1053 1164 1102 scrutaturus,
1179 1054 1348 1104 institui,
1363 1054 1597 1107 superuenit

139 1117 218 1156 alia
239 1116 404 1168 insignis
424 1117 720 1168 magnitudinis
739 1126 779 1157 et
797 1116 979 1166 effecius,
1004 1114 1330 1157 AUGUSTAE
1350 1118 1598 1158 IMPERA-

135 1177 347 1228 TRIClS,
383 1181 651 1233 promotricis
681 1180 943 1220 scientiarum
966 1181 1304 1221 clementissimae
1324 1181 1424 1221 iussu
1445 1196 1467 1221 a
1484 1180 1597 1223 Dno.

137 1240 300 1284 Kulibin
320 1244 476 1283 artifice
496 1244 620 1283 Russ‘o
639 1245 900 1284 dexterrimo
919 1245 1162 1292 constructa,
1182 1257 1286 1297 quae
1305 1245 1599 1297 optatissimam

137 1306 259 1355 mihi,
273 1307 481 1359 singularis
495 1307 617 1348 huius
631 1308 692 1346 vis
705 1307 919 1348 electricae
931 1318 971 1348 et
983 1308 1374 1361 phaenomenorum
1389 1308 1483 1348 inde
1495 1321 1597 1361 pen-

137 1370 327 1412 dentium
347 1380 535 1409 naturam
557 1380 598 1409 et
617 1371 766 1410 caussas
779 1372 959 1411 curatius
974 1371 1239 1424 inuestigandi
1253 1371 1512 1412 occasionem
1526 1372 1601 1412 ob-

141 1433 250 1478 tulit,
278 1433 431 1484 sibique
450 1432 743 1490 Electrophori
763 1433 872 1487 quasi
891 1435 1096 1489 perpetui,
1124 1435 1318 1476 diuturna
1335 1445 1378 1474 et
1397 1437 1600 1489 pertinaci

140 1497 204 1536 vis
224 1497 436 1538 elefflicac
457 1496 577 1540 semel
596 1497 796 1539 excitatae
809 1498 1136 1544 conseruatione,
1158 1509 1312 1537 nomen
1326 1498 1413 1537 iure
1428 1500 1601 1538 merito-

141 1572 223 1612 que
242 1560 438 1607 vindicat,
467 1572 562 1604 cum
582 1560 670 1612 post
691 1560 872 1611 integros
894 1559 1064 1609 menses,
1086 1560 1210 1603 siccos
1231 1560 1436 1617 inprimis,
1460 1562 1598 1602 viuide

143 1622 276 1665 adhuc
295 1623 626 1677 deprehendatur
644 1623 896 1671 elestricum,
916 1633 955 1665 et
976 1623 1048 1667 nifi
1066 1623 1115 1663 ad
1135 1622 1213 1666 alia
1230 1623 1518 1681 experimenta
1541 1626 1599 1665 vi-

135 1699 215 1739 gor
233 1688 320 1728 eius
339 1686 420 1726 leui
439 1686 580 1729 attritu
600 1685 730 1728 fuisset
749 1685 1056 1732 resuscitandus,
1087 1685 1168 1726 fine
1186 1686 1313 1726 dubio
1331 1686 1454 1740 longe
1473 1689 1598 1731 diuti-

141 1761 187 1792 us
209 1749 400 1802 pristinae
421 1750 600 1796 virtutis,
632 1749 788 1792 dudum
807 1751 1024 1802 excitatae,
1040 1750 1216 1805 indicia,
1246 1749 1360 1791 nullo
1379 1751 1599 1794 accedente

140 1825 258 1853 nouo
276 1812 417 1855 attritu
438 1842 448 1864 ,
483 1811 615 1855 fuisset
634 1812 986 1857 conseruaturum.

275 1942 309 1989 ξ.
332 1952 368 1978 2.
440 1938 610 1982 Constat
630 1943 709 1984 hoc
730 1944 1082 1998 Electrophorum
1272 1941 1275 1943 ⁵
1629 1969 1717 2005 Tab.
1743 1967 1788 2006 Π,

146 2033 178 2077 1.
215 2033 360 2075 Patina
379 2034 463 2075 AB
477 2033 512 2075 C
533 2049 586 2076 ex
606 2037 772 2078 laminis
791 2039 979 2082 tenuibus
1000 2038 1140 2079 ferreis
1164 2040 1306 2081 stanno
1324 2040 1511 2082 obduffis
1530 2055 1602 2096 pa·
1645 2017 1720 2067 F¹g'
1750 2032 1782 2063 ³⁶

210 2108 298 2138 rata
318 2129 327 2147 ,
352 2096 519 2139 *nonem
537 2101 662 2154 pedes
693 2102 816 2156 longa
851 2114 892 2143 et
929 2113 1107 2156 quatuor
1141 2116 1238 2144 cum
1274 2104 1450 2156 dimidio
1485 2105 1599 2156 lata,

153 2215 158 2218 Π
214 2163 400 2213 margine
419 2176 613 2204 connexo
632 2165 763 2206 cincta
782 2167 881 2206 etin
901 2176 1074 2220 vtraque
1101 2166 1372 2221 longitudinis
1399 2169 1490 2208 suae
1526 2180 1601 2207 ex-

217 2225 421 2324 gemitate
439 2227 625 2282 globisE
645 2239 686 2269 et
720 2228 761 2270 D
782 2259 793 2281 ,
827 2242 881 2271 ex
914 2230 1061 2272 eadem
1098 2232 1270 2274 materia
1303 2232 1452 2286 paratis
1473 2261 1484 2279 ,
1535 2231 1598 2269 in-

251 2288 375 2328 runa.
519 2295 527 2303 ‘

867 2388 920 2429 V
959 2403 983 2428 2
1406 2387 1459 2429 11.
1493 2387 1603 2429 Huic
