2029 2750
638 154 756 208 ⁸2·ss
816 149 978 210 )¹9(
1042 151 1157 207 &223⁴-

166 272 360 316 babilem.
424 263 646 322 Prudentia
679 274 764 309 non
799 265 937 309 minus
971 277 1096 321 quam
1130 263 1382 321 perspicacia
1414 263 1483 307 hic
1518 277 1624 322 opus

168 338 246 380 effe
276 334 448 376 videtur.
516 327 561 372 Si
593 328 689 385 ipsis
722 331 917 374 institutis
952 329 1307 372 obseruationibus
1340 330 1405 370 vti
1439 330 1544 371 velis
1574 332 1626 372 ad

167 397 427 441 firmandam
470 407 497 436 a
535 394 745 451 pffleriori
787 397 1119 438 aestimationem
1164 396 1215 436 de
1260 393 1494 435 adhibenda
1536 407 1625 434 am-

165 461 368 516 plitudine
402 458 530 500 scalae
565 459 866 509 moderatricis,
907 459 1017 500 haud
1051 459 1338 513 imprudenter
1373 458 1511 499 aetum
1531 458 1624 509 erit,

164 524 196 566 fi
231 534 368 565 tecum
402 523 683 578 perpenderis,
718 536 768 563 an
803 522 977 563 feliciter
1010 523 1080 563 vel
1113 522 1336 564 infeliciter
1370 522 1624 562 obseruatio·

165 599 237 628 nes
279 586 424 628 cessisse
466 586 725 628 statuendum
769 585 841 638 fit;
890 596 1046 639 quanto
1089 586 1180 639 plus
1223 584 1415 628 fortunae
1448 586 1623 635 dederis,

165 659 283 691 tanto
317 651 455 691 minus
489 651 728 691 dexteritati
763 650 806 689 in
826 649 1082 690 obseruando
1110 648 1316 690 adhibitae
1343 649 1513 696 tribues,
1533 658 1622 689 tan—

163 721 292 766 toque
334 714 510 767 proinde
554 714 758 754 maiorem
803 712 1004 753 circulum
1049 713 1360 752 moderatorem
1397 711 1620 754 adhibebis.

161 777 212 819 In
257 777 514 831 paragrapho
555 777 721 817 decimo
763 775 912 827 quinto
955 774 1113 814 affumsi
1158 773 1290 821 νεῖν,
1342 774 1426 814 fiue
1459 776 1623 816 radium

162 842 307 883 circuli
352 840 625 881 moderatoris
661 837 874 891 aequalem
909 838 1121 877 distantiae
1156 837 1264 876 inter
1298 836 1396 876 duas
1431 836 1621 876 obserua-

163 906 298 945 tiones
333 915 560 945 extremast
596 900 729 942 fateor
763 911 915 949 tamen,
949 914 994 941 re
1029 899 1177 941 melius
1212 899 1426 954 perpensa,
1462 899 1622 941 hancce

162 969 267 1009 radii
303 969 630 1021 magnitudinem
675 964 781 1005 mihi
815 964 947 1004 videri
982 963 1113 1005 nimia
1147 963 1453 1016 aliquantulum
1488 963 1620 1006 confi-

161 1032 302 1074 dentia
343 1032 541 1084 positam3
590 1028 721 1069 tutior
761 1028 905 1081 vtique
949 1025 1088 1067 sutura
1130 1026 1264 1068 fuisset
1305 1026 1459 1081 positio
1493 1027 1621 1075 rzib

160 1095 229 1135 vel
261 1094 387 1134 etiam
422 1093 590 1144 r:2b;
624 1091 693 1132 sub
727 1090 803 1131 hac
837 1090 1044 1145 positione
1079 1091 1286 1132 correctio
1319 1091 1509 1145 prodiret
1544 1103 1621 1132 no·

159 1156 339 1198 tabiliter
388 1158 528 1199 minor
572 1165 613 1197 at
656 1164 772 1196 tanto
825 1155 979 1197 certior
1030 1155 1263 1208 maiorique
1306 1153 1459 1199 fiducia
1500 1154 1619 1213 adhi7

160 1219 304 1263 beuda.

287 1353 322 1401 §-
365 1358 432 1394 18.
468 1349 511 1391 Si
547 1363 651 1403 quae
683 1346 865 1389 efficacia
899 1347 992 1388 insit
1026 1344 1239 1402 principiis
1264 1345 1424 1397 nostris,
1459 1346 1620 1389 etiamst

159 1413 453 1466 metaphysicis
488 1413 626 1466 potius
662 1424 788 1466 quam
824 1410 1143 1457 mathematicis,
1179 1411 1267 1451 iure
1292 1411 1446 1450 merito
1460 1412 1618 1451 exinde

158 1474 473 1524 concludemus,
511 1487 722 1528 nunquam
759 1485 833 1513 aut
869 1472 1010 1527 saltem
1047 1472 1243 1512 rarissime
1279 1484 1353 1513 nec
1388 1472 1471 1515 sine
1497 1472 1619 1513 omni

157 1537 343 1578 adhibita
384 1537 749 1592 circumspectione
793 1536 1062 1576 reiiciendam
1095 1535 1173 1575 esse
1208 1535 1390 1589 aliquam
1425 1536 1620 1577 obserua-

155 1602 344 1651 tionem,
378 1614 461 1655 qua
494 1601 545 1642 de
579 1614 623 1641 re
658 1599 900 1640 sententiam
937 1612 1073 1639 meam
1109 1598 1151 1638 in
1187 1599 1440 1640 antecessum
1475 1600 1621 1654 aperui

151 1665 189 1714 ς.
229 1677 266 1703 2.
312 1673 423 1706 totus
469 1666 583 1705 enim
618 1662 952 1704 obseruationum
988 1661 1236 1716 complexus
1274 1661 1381 1702 nihil
1415 1662 1526 1704 aliud
1561 1663 1620 1704 est

151 1738 279 1780 quam
317 1737 489 1770 euentus
525 1727 718 1769 fortuitus
753 1727 1001 1768 dexteritate
1037 1725 1313 1766 obseruatoris
1349 1725 1616 1766 modificatus

153 1799 198 1830 et
248 1791 354 1831 intra
403 1801 538 1832 certos
589 1791 692 1831 fines
753 1791 970 1831 coercitus.
1041 1789 1154 1829 Inter
1188 1798 1268 1830 tres
1305 1787 1618 1830 obseruationes

153 1855 396 1908 contingere
433 1855 574 1908 vtique
608 1854 769 1908 potest,
805 1854 994 1908 quamuis
1030 1843 1380 1900 casu'rarissimo,
1417 1861 1463 1892 vt
1495 1852 1617 1897 duae.

153 1918 309 1958 mirum
354 1919 396 1957 in
449 1919 621 1959 modum
642 1947 653 1966 ‚
709 1918 816 1957 inter
851 1917 888 1956 se
922 1915 1172 1969 conspirent,
1208 1916 1328 1956 tertia
1362 1924 1516 1964 autem,
1551 1916 1615 1956 in-

151 1978 280 2022 fausta
324 1981 444 2031 sorte,
494 1981 543 2022 ab
579 1980 775 2022 amb.ibus
810 1979 1019 2034 prioribus
1055 1979 1286 2032 longissime
1320 1979 1495 2019 recedat.
1568 1979 1617 2020 ld

151 2054 257 2085 vei-o
292 2045 320 2085 si
356 2045 460 2086 mihi
503 2046 754 2098 contigerit,
807 2054 933 2096 atque
969 2042 996 2082 fi
1032 2051 1167 2084 certus
1215 2041 1366 2091 fuero,
1387 2055 1471 2091 &me
1508 2042 1620 2084 haud

154 2108 332 2149 nimium
376 2109 592 2150 coarctasse
628 2108 781 2149 limites
817 2107 1105 2147 maximorum
1139 2118 1330 2146 errorum
1365 2105 1621 2160 possibilium

158 2180 226 2209 aut
259 2173 436 2213 nimium
470 2173 709 2213 dexteritati
745 2182 838 2211 mea
871 2169 1023 2219 fidisse,
1089 2181 1173 2210 non
1209 2168 1454 2210 haesitarem
1491 2169 1620 2209 totius

157 2232 216 2270 rei
250 2246 425 2275 examen
462 2238 510 2277 ad
545 2236 750 2290 principia
785 2234 922 2274 nostra
955 2244 1152 2274 reuocare
1188 2245 1244 2273 ex
1278 2233 1411 2285 iisque
1430 2233 1618 2272 aestima-

157 2292 319 2336 tionem
350 2296 550 2342 formare:
601 2298 740 2340 Modo
773 2296 1013 2401 obseguator
1045 2309 1126 2350 pro
1162 2295 1329 2348 singulis
1363 2294 1617 2397 obseruatbio-

940 2371 964 2398 2
1496 2367 1539 2396 m
1570 2367 1617 2399 un
