2029 2750
832 154 949 207 „go-33
1015 151 1029 210 )
1068 165 1090 192 2
1100 160 1155 203 53
1194 150 1209 210 (
1274 151 1390 203 ἔξω

374 301 403 324 „
420 268 657 320 inuenitur,
710 268 934 310 intercedit
985 267 1120 309 nihilo
1167 276 1307 308 tamen
1343 266 1480 307 minus
1517 265 1616 307 haec
1653 266 1849 307 crscren-

371 336 479 389 „tia
512 346 560 375 vt
588 334 725 389 phoca
760 332 959 374 oceanica
993 331 1331 373 communissima
1366 346 1390 371 a
1432 331 1600 385 reliquis
1649 331 1847 374 omnibus

374 397 610 453 „specifice
645 398 787 439 colore
822 397 1012 438 distincta
1047 397 1108 442 sit,
1127 396 1280 450 gaudet
1316 408 1466 449 nempe
1502 396 1589 450 pilo
1621 395 1849 438 lutescente

374 494 402 516 ,‚
422 464 528 504 acin
549 463 766 518 posteriori
802 462 995 515 corporis
1031 460 1254 501 medietate
1291 460 1499 501 maculam
1524 462 1757 501 maximam
1777 473 1848 501 ca-

375 528 576 580 „staneas
613 526 756 567 colore
792 525 1073 566 aemulantem
1109 522 1300 573 obtinet,
1338 537 1443 577 quae
1479 526 1647 566 tertiam
1681 534 1847 580 partem

374 592 526 644 „corii
569 599 759 643 occupat.
782 619 810 639 „

504 684 774 739 „Distinguo
810 694 950 727 autem
984 684 1142 740 phocas
1180 687 1346 727 ratione
1382 685 1680 738 magnitudinis
1702 686 1743 726 in
1763 694 1847 728 tres

369 749 605 807 '‚‚specics‚
640 750 684 791 in
720 751 953 794 maximam
978 780 989 800 ‚
1024 763 1130 804 quae
1167 751 1458 804 magnitudine
1477 758 1642 790 taurum
1671 749 1846 804 superat,

375 848 402 869 ,,
423 829 470 857 ac
505 813 654 856 incolis
689 813 1016 856 Kamtschaticis
1050 813 1233 855 Lachtac
1267 826 1471 865 vocatum
1506 814 1666 854 mediae
1687 816 1847 868 magni-

374 880 594 933 „tidinis,
648 892 754 933 quae
789 892 936 920 omnes
973 880 1174 932 tigridum
1210 880 1336 920 instar
1372 878 1513 919 multis
1549 879 1714 932 exiguis
1757 891 1848 920 ma·

373 974 401 996 „
421 943 525 984 culis
560 944 699 983 variae
730 943 854 996 sunt;
888 943 1059 985 infimae
1095 944 1348 996 magnidinis
1368 974 1379 991 ,
1420 954 1463 983 vt
1494 943 1709 993 oceanica,
1740 956 1851 997 quae

374 1038 403 1060 ‚,
423 1017 513 1048 tum
550 1007 593 1046 in
629 1007 734 1047 mari
769 1006 980 1056 Balthico,
1017 1020 1142 1059 quam
1162 1008 1272 1047 circa
1295 1017 1466 1060 portum
1486 1005 1547 1048 St.
1575 1006 1847 1062 Archangeli,

375 1074 468 1123 „in
503 1069 652 1110 Suecia
671 1100 683 1119 ,
717 1069 938 1122 Noruegia
957 1101 970 1120 ,
1002 1068 1206 1110 America
1237 1081 1279 1110 et
1313 1070 1605 1112 Kamtschatca
1650 1073 1816 1126 capitur
1835 1102 1849 1123 ,

375 1143 466 1186 „et
515 1132 696 1172 lacastris
732 1132 919 1172 dulcium
956 1146 1160 1185 aquarum
1211 1133 1475 1174 monochroa
1525 1133 1593 1173 seu
1626 1135 1851 1184 vnimlor,

374 1206 469 1251 „vt
502 1195 693 1247 Baikali,
727 1209 776 1236 ea
810 1196 964 1237 coloris
1002 1196 1201 1250 argentei.

507 1294 587 1335 His
623 1292 819 1334 omnibus
855 1293 1017 1334 collatis
1070 1305 1253 1349 pronum
1298 1291 1353 1331 est
1388 1291 1635 1332 concludere
1679 1294 1849 1334 beatum

376 1357 624 1408 stellerum,
658 1369 810 1399 omnes
844 1371 947 1411 quas
982 1359 1090 1399 vidit
1123 1357 1357 1412 phocarum
1390 1368 1532 1410 greges
1568 1367 1646 1409 pro
1673 1357 1854 1398 varieta-

377 1423 487 1464 tibus
508 1454 520 1476 ,
555 1435 642 1463 non
676 1434 782 1463 vero
815 1435 894 1477 pro
927 1423 1039 1465 veris
1075 1420 1318 1477 speciebus,
1354 1420 1586 1474 agnoscere.

506 1517 583 1559 Ast
619 1518 770 1558 dantur
804 1517 903 1567 alii,
939 1518 1011 1571 qui
1047 1516 1199 1558 multas
1234 1517 1456 1570 variasque
1490 1516 1723 1571 phocarum
1760 1518 1857 1573 spe-

379 1584 463 1626 cies
518 1581 763 1634 recensent;
814 1579 1021 1622 Cranzius
1073 1581 1130 1622 V.
1168 1580 1322 1635 species
1373 1594 1518 1622 earum
1553 1582 1725 1624 exhibet
1762 1580 1858 1638 (a),

379 1645 573 1690 Olafsens
607 1648 820 1686 variarum
855 1645 1090 1699 phocarum
1140 1647 1401 1686 mentionem
1438 1645 1541 1687 facit
1584 1645 1675 1702 (b)
1742 1648 1857 1688 Pon-

379 1711 604 1766 topidanus
641 1709 722 1751 IV.
757 1710 911 1763 species
945 1711 989 1750 in
1042 1710 1228 1751 medium
1281 1710 1441 1763 profert
1491 1709 1579 1766 (c).
1641 1711 1855 1752 Hallenius

380 1775 560 1817 totidem
595 1773 749 1829 species
787 1774 884 1815 sistit
916 1772 970 1829 (d
980 1772 994 1828 )
1029 1771 1242 1829 Parfimius
1278 1775 1323 1814 in
1357 1785 1540 1829 quatuor
1567 1775 1718 1829 species
1741 1776 1858 1830 pho-

381 1852 449 1880 cas
483 1840 696 1895 distinguit
731 1836 821 1895 (e),
857 1849 904 1880 vt
921 1839 1104 1894 reliquos
1141 1849 1317 1880 taceam.

1739 1946 1857 1989 Huic

460 2136 539 2186 (a)
566 2137 706 2173 Historia
733 2135 985 2172 Groenlandiae
1013 2151 1047 2185 p.
1079 2147 1158 2175 161.
1183 2150 1217 2173 et
1245 2140 1311 2186 seq.

458 2194 544 2248 (b)
572 2200 607 2232 ln
636 2200 755 2234 itinere
783 2195 949 2232 lslandico
976 2196 1083 2239 paffim
1113 2206 1148 2232 et
1172 2201 1351 2246 praecipue
1379 2204 1462 2245 part.
1489 2195 1521 2242 ᾗ,
1552 2200 1637 2236 651.
1666 2203 1698 2230 et
1724 2199 1806 2236 652.

457 2259 537 2310 (c)
564 2260 690 2296 Histor.
715 2263 867 2307 Norueg.
895 2263 1000 2296 Tom.
1029 2262 1070 2294 ΙΙ.
1098 2270 1176 2306 pag.
1203 2269 1287 2306 ²3*-

463 2319 548 2371 (d)
575 2321 699 2357 Histoi.
728 2321 879 2356 Natural.
907 2323 1011 2356 Tom.
1039 2321 1066 2353 l.
1091 2331 1165 2366 pag.
1195 2329 1274 2359 529.

457 2381 508 2432 (θ
522 2383 545 2429 )
571 2381 828 2433 Philosophum
851 2382 1024 2421 Transact.
1051 2391 1106 2418 uo·
1135 2385 1220 2428 4⁶9·
1248 2390 1328 2429 pag.
1362 2381 1438 2422 838
