2029 2750
887 154 1004 206 ”5013
1068 152 1264 211 )2a6(
1327 152 1447 205 &2⁹30-

431 278 505 317 mr
539 267 646 324 (93.
664 280 739 318 94.
758 263 882 320 95).
965 266 1016 308 In
1052 267 1196 310 adulto
1231 277 1369 310 autern
1391 300 1403 320 ‚
1455 269 1526 310 vbi
1561 268 1730 313 valuula
1762 269 1906 312 Eusta-

430 333 521 375 chii
558 333 764 373 continuo
797 330 1025 373 retrahitur
1058 342 1098 373 et
1136 333 1433 384 imminuitur,
1484 335 1536 375 ad
1571 336 1755 377 mediam
1792 334 1906 388 quast

428 397 550 446 limbi
585 407 750 451 partem
771 426 783 446 ‚
817 395 888 436 vel
920 397 1049 438 etiam
1083 396 1132 437 ad
1177 398 1346 438 initium
1392 411 1511 439 arcus
1555 412 1688 453 vsque
1730 396 1905 455 (96.),

429 462 504 516 qui
537 473 650 505 nunc
684 474 783 515 pars
816 460 1008 513 superior
1041 460 1184 500 annuli
1219 462 1354 500 oualis
1387 464 1472 512 est,
1520 462 1669 504 Vltima
1711 462 1906 505 valuulae

429 527 676 569 extremitas
712 525 782 566 seu
817 536 953 564 cornu
988 524 1171 564 anterius
1207 522 1222 579 (
1239 522 1341 578 90.)
1376 526 1458 567 (ese
1489 528 1718 569 extendere
1751 526 1870 567 solet.

556 622 699 664 Multa
733 629 873 661 autem
907 627 1074 674 praeter
1106 610 1212 660 haecv
1246 619 1326 659 aiia
1374 620 1417 660 in
1467 631 1602 662 venae
1652 622 1901 664 coronariae

426 686 596 732 orificio
644 695 878 726 occurrunt
926 683 1173 737 singularia,
1227 696 1303 724 nec
1357 685 1490 738 magis
1535 685 1585 725 ab
1621 687 1902 736 anatomicis,

426 761 631 806 quantum
667 748 752 790 scio
772 779 783 799 ‚
836 757 992 790 notata.
1077 745 1209 802 Quod
1241 747 1460 789 orificium
1494 750 1742 792 immediate
1775 751 1820 790 in
1855 748 1905 789 fi·

425 829 531 858 num
581 815 785 855 dextrum
834 813 924 854 hiat
976 809 1147 868 (87.),
1199 813 1243 852 in
1288 825 1424 866 eoque
1474 814 1664 866 primum
1699 822 1902 868 apparet,

425 880 541 935 quod
575 878 711 933 ipsum
746 878 875 918 etiam
911 877 1124 916 munitum
1159 877 1215 917 est
1251 876 1423 917 valuula
1457 877 1568 932 (84.
1591 886 1662 927 85.
1685 875 1818 931 δά),
1858 876 1902 918 id

425 942 636 986 diuersum
672 942 729 982 est
763 942 813 981 ab
845 940 1015 982 orificio
1046 941 1227 994 proprio
1260 953 1393 982 venae
1427 943 1675 983 coronariae
1710 951 1899 995 magnae.

424 1005 583 1050 Dicam
616 1004 719 1046 inud
755 1017 1014 1053 commune,
1049 1017 1148 1045 cum
1185 1017 1461 1047 communem
1495 1018 1626 1046 venae
1648 1005 1897 1049 coronariae

423 1083 600 1124 magnae
643 1078 686 1108 et
731 1068 798 1108 alii
833 1068 974 1108 cordis
1007 1079 1137 1109 venae
1171 1067 1340 1108 exitum
1372 1069 1586 1122 praebeat.
1651 1069 1751 1111 Hoc
1797 1081 1902 1125 pro·

423 1134 569 1190 prium
599 1132 746 1174 vocari
777 1131 950 1187 poterit.

554 1227 800 1273 Commune
833 1230 1020 1283 margIne
1056 1229 1190 1270 libero
1225 1229 1375 1269 mobili
1416 1230 1607 1270 vaquIae
1652 1228 1669 1286 (
1698 1237 1769 1278 85.
1792 1225 1899 1284 86.)

424 1295 612 1339 efficitur
645 1295 832 1350 partim,
883 1295 1129 1349 partimque
1164 1305 1240 1332 ora
1289 1289 1431 1348 (87.)
1482 1292 1629 1332 foueae
1681 1294 1899 1333 cuiusdam

421 1359 642 1416 peculiaris
680 1359 692 1413 (
717 1367 787 1406 87.
807 1357 876 1413 fig.
895 1368 937 1402 2.
954 1358 990 1399 k.
1009 1358 1035 1399 I.
1060 1356 1073 1413 )
1095 1389 1108 1408 ‚
1142 1369 1270 1411 quarn
1304 1355 1472 1397 {eorfim
1508 1368 1619 1395 nunc
1666 1354 1897 1395 describere

422 1433 608 1479 oportet.
653 1423 716 1464 Ea
752 1423 838 1476 ipsa
870 1422 977 1464 haec
1012 1422 1103 1473 est,
1136 1434 1297 1474 quam,
1331 1421 1473 1460 trunci
1505 1419 1689 1460 extremi
1724 1420 1898 1459 nomine

422 1488 662 1536 haetenus,
696 1485 1050 1539 comprehensam
1086 1485 1167 1525 esse
1201 1485 1292 1525 dixi
1326 1486 1435 1524 inter
1485 1484 1588 1524 duas
1638 1493 1774 1537 partes
1824 1479 1900 1524 fiffi

420 1550 607 1592 fasciculi
642 1549 865 1591 musculofi
885 1578 899 1599 ,
931 1549 1003 1590 vel
1037 1551 1151 1591 inter
1182 1547 1427 1589 fasciculum
1461 1547 1578 1588 hunc
1612 1548 1825 1601 integrum
1854 1554 1897 1587 et

421 1610 574 1657 fibram
608 1613 921 1662 muscularem,
957 1614 995 1654 ei
1031 1612 1323 1653 accedentem.
1390 1610 1531 1652 Fouea
1567 1612 1661 1652 satis
1689 1610 1903 1666 profunda

421 1680 506 1729 est,
543 1687 584 1719 et
618 1678 732 1732 larga
752 1708 765 1728 ,
796 1677 957 1730 figurae
991 1676 1125 1717 oualis
1146 1707 1156 1727 ,
1192 1676 1431 1729 oblongae,
1469 1686 1513 1716 et
1547 1675 1815 1717 transuerfim
1852 1674 1896 1713 in

420 1743 513 1785 finu
561 1742 710 1796 pofita.
790 1740 967 1782 Atrium
1002 1740 1118 1794 quasi
1151 1739 1326 1782 exhibet
1359 1752 1491 1780 venae
1526 1740 1775 1780 coronariae
1810 1750 1900 1778 ma-

418 1819 559 1861 gnae,
591 1805 660 1847 sen
692 1805 835 1846 lacum
868 1803 1131 1859 largiorem,
1163 1805 1209 1844 in
1242 1817 1371 1858 quem
1406 1803 1598 1857 sanguis,
1648 1803 1899 1857 priusquam

424 1870 562 1912 finum
598 1870 738 1911 cordis
775 1869 912 1923 ipsum
947 1870 1094 1920 adeat,
1125 1878 1327 1922 tanquam
1362 1880 1419 1908 ex
1455 1868 1548 1907 riuo
1584 1865 1811 1920 angustiori
1843 1875 1901 1906 ex

381 1957 387 1961 -
423 1935 511 1976 cuti
545 1933 682 1988 poffit.
748 1933 879 1976 Latus
911 1934 1001 1973 eius
1034 1933 1223 1987 superius
1265 1943 1311 1973 et
1349 1933 1586 1985 posterius,
1621 1930 1693 1971 vei
1735 1942 1843 1977 ora,
1875 1942 1899 1968 a

420 1997 558 2040 limbo
588 1997 666 2037 illo
698 2009 855 2038 carneo
887 1996 994 2053 (fig-
1007 2007 1051 2043 2.
1071 2010 1104 2038 c.
1123 1994 1173 2050 )=‚
1206 2009 1335 2050 quem
1369 2007 1648 2037 communem
1684 1993 1765 2033 effe
1806 1991 1898 2033 dixi

421 2063 532 2103 'mter
581 2071 719 2099 venae
774 2062 1025 2101 coronariae
1076 2071 1123 2102 et
1170 2073 1308 2102 venae
1352 2071 1485 2100 cauae
1528 2057 1739 2098 inferioris
1782 2053 1899 2096 orifi-

422 2127 571 2174 cium,
619 2121 836 2173 efficitur3
883 2123 1058 2165 inferior
1109 2135 1256 2165 autem
1288 2137 1366 2164 ora
1401 2133 1445 2164 et
1479 2122 1666 2162 anterior
1704 2118 1759 2159 ab
1790 2119 1896 2169 5110,

423 2201 553 2245 quem
586 2187 667 2228 effe
697 2187 826 2227 retuli
858 2187 968 2227 inter
1001 2199 1155 2226 venam
1190 2187 1461 2226 coronariam
1495 2195 1541 2226 et
1572 2183 1778 2224 venosum
1814 2184 1900 2223 ori-

423 2255 574 2296 ficium
616 2250 847 2291 ventriculi
889 2250 1029 2290 dextri
1073 2247 1195 2306 (ca).
1257 2249 1523 2290 Extremitas
1566 2249 1701 2289 altera
1740 2247 1899 2289 finistra

423 2316 636 2377 (k.fig.1.
661 2311 768 2371 87.)
817 2314 956 2356 leuior
1004 2314 1062 2356 est
1112 2324 1155 2356 et
1203 2313 1383 2363 obtusa,
1433 2312 1723 2361 subrotunda‚
1774 2311 1904 2353 altera

1747 2376 1898 2417 dextra
