2029 2750
646 183 758 234 ”³023
822 179 838 237 )
876 194 897 233 5
936 183 949 241 (
1014 181 1128 233 ἐφει-

166 299 272 354 pic‘ta
306 299 346 338 in
382 294 519 336 medio
555 290 679 345 plano
715 291 924 339 verticali,
970 289 1365 345 perpendiculariter
1402 292 1449 329 ad
1486 302 1613 332 axem
1666 294 1674 301 '

166 360 331 403 visionis
376 358 525 405 erec‘to,
557 366 776 407 totumque
814 353 982 406 planum
1021 355 1069 394 ab
1104 362 1280 405 vtroquc
1317 353 1442 393 latere
1480 355 1520 393 in
1557 354 1613 392 fa-

167 424 266 467 scias
285 420 512 468 verticalcs‚
550 419 733 472 angustas
770 417 834 457 sed
869 417 1042 471 singulas
1073 416 1257 456 eiusdem
1276 416 1517 463 latitudinis,
1555 417 1616 454 di-

167 485 298 528 uisum
345 484 400 524 sit.
474 482 600 536 Quod
637 482 664 522 fi
702 494 808 520 nunc
869 480 1062 534 persaepe
1115 480 1255 531 sagitta
1300 479 1458 520 vibrata
1492 479 1614 519 fucrit

166 551 211 592 'et
247 560 326 601 pro
360 547 508 599 quouis
545 546 649 585 iactu
688 544 805 584 locus
842 543 1026 583 illifionis
1061 543 1321 584 examinatus
1356 544 1526 596 eiusque
1554 543 1616 582 dia

170 611 313 654 flantia
348 624 370 649 a
406 620 517 649 meta
552 608 736 648 verticali
774 609 814 646 in
852 606 992 647 charta
1027 616 1215 649 notetur,
1251 606 1406 646 etiamsi
1444 616 1618 646 euentus

171 675 344 718 minime
381 673 499 725 possit
534 672 676 711 exafie
730 671 907 723 praedici
939 700 948 718 ‚
1002 670 1132 710 multa
1167 679 1303 708 tamen
1341 669 1460 717 sunt,
1516 681 1620 721 quae

171 751 268 780 cum
315 738 472 775 ratione
517 733 720 787 praesumi
765 734 916 772 debent
951 743 992 771 et
1039 744 1141 784 quae
1187 733 1392 782 imprimis
1446 732 1494 771 ad
1529 745 1622 772 rem

174 802 353 843 nostram
390 799 521 839 facere
556 805 784 851 poterunt,
837 795 864 835 fi
903 795 1030 834 modo
1067 793 1166 833 nulli
1202 794 1269 832 alii
1306 795 1622 833 committantur

175 876 333 907 errores*
355 893 364 910 ‚
416 874 539 915 quam
576 861 645 912 qui
681 860 722 898 in
758 867 977 910 Vtramque
1013 867 1175 910 partem
1195 868 1323 909 acque
1357 855 1495 896 faciles
1531 855 1624 895 sunt

177 939 217 969 et
253 939 431 979 quorum
467 934 644 964 euentus
676 923 838 975 penitus
875 921 1044 968 incerti,
1091 918 1173 960 sola
1209 919 1340 959 veluti
1374 919 1481 959 sorte
1516 918 1626 958 haud

177 988 334 1030 vitabili
382 988 648 1036 deciduntur3
702 984 752 1023 fic
788 985 830 1022 in
866 984 1114 1023 astronomia
1148 995 1225 1035 pro
1260 994 1399 1022 errore
1435 995 1521 1022 non
1555 980 1628 1022 ha-

180 1054 328 1098 betur,
381 1050 656 1102 quodcunque
693 1061 716 1086 α
745 1048 877 1100 priori
912 1048 1214 1087 correctionem
1250 1046 1443 1086 admittit.
1495 1043 1630 1086 Fastis

179 1114 371 1156 omnibus
407 1125 510 1166 quas
542 1111 703 1152 theoria
737 1111 860 1150 docet
894 1109 1244 1159 correctionibus,
1288 1109 1400 1162 quod
1435 1118 1533 1149 tunc
1567 1119 1633 1148 re-

178 1179 342 1231 liquum
375 1177 429 1216 est
464 1189 540 1229 pro
576 1173 845 1216 conciliandis
879 1173 1047 1227 singulis
1073 1172 1427 1214 obseruationibus
1447 1171 1632 1224 aliquan-

181 1242 316 1282 tulum
350 1240 458 1280 inter
493 1237 530 1280 se
565 1236 883 1290 discrepantibus
904 1267 919 1285 ‚.
966 1237 1046 1277 hoc
1083 1236 1207 1276 solius
1239 1236 1334 1275 artis
1371 1233 1634 1275 coniestandi

183 1317 286 1358 opus
321 1303 400 1354 est3
451 1303 548 1355 quid
584 1302 749 1354 proprie
784 1302 891 1339 inter
925 1300 1225 1340 obseruandum
1261 1298 1475 1345 acciderit,
1527 1295 1634 1346 hoc,

185 1381 257 1422 per
300 1366 427 1419 ipsam
471 1363 751 1417 hypothesin,
800 1359 1004 1414 profunde
1038 1362 1292 1414 ignoramus,
1313 1360 1378 1400 sed
1413 1359 1498 1413 ipsa
1530 1359 1636 1399 haec

186 1430 418 1483 ignorantia
452 1425 608 1478 asylum
642 1425 750 1473 erit,
794 1425 842 1464 ad
877 1425 988 1476 quod
1023 1424 1244 1475 confugere
1279 1423 1469 1474 cogimur
1488 1450 1504 1470 ‚.
1533 1421 1638 1460 dum

189 1491 441 1533 confistimus
486 1492 531 1529 in
563 1500 644 1536 eo,
696 1500 779 1526 non
815 1486 926 1538 quod
960 1486 1216 1526 verissimum
1250 1485 1317 1525 sed
1351 1485 1463 1537 quod
1496 1483 1640 1523 verifi-

191 1553 430 1601 minimum,
466 1565 540 1592 nec
576 1560 737 1591 certum
773 1549 838 1588 sed
873 1548 1258 1601 probabilissimum,
1288 1556 1336 1589 vt
1370 1560 1434 1588 ars
1466 1546 1537 1587 illa
1563 1546 1640 1586 do-

192 1628 267 1658 cet.
334 1618 404 1658 An
448 1627 552 1655 vero
585 1614 706 1653 status
741 1613 812 1652 iste
847 1611 1008 1664 semper
1043 1621 1084 1652 et
1117 1612 1270 1664 vbique
1306 1619 1518 1665 competat
1552 1621 1642 1649 me-

189 1682 259 1721 dio
311 1678 574 1718 arithmetico
608 1674 791 1716 adhiberi
825 1674 946 1715 solito
966 1705 977 1725 ‚
1023 1687 1108 1715 non
1151 1674 1236 1716 fine
1268 1674 1429 1716 ratione
1462 1672 1646 1715 dubitari

190 1741 337 1799 potest.

320 1806 353 1855 ς.
390 1816 431 1853 4.
476 1802 673 1855 Eri-ores,
709 1801 751 1847 in
786 1800 1038 1842 obseruando
1073 1800 1356 1851 ineuitabiles,
1390 1800 1433 1840 in
1468 1798 1647 1854 finguias

194 1868 341 1920 vtique
381 1866 528 1906 cadere·
569 1865 732 1919 possunt
775 1864 1105 1916 obseruationes3
1160 1874 1344 1906 attamen
1391 1864 1646 1917 vnaquaeuis

195 1930 427 1973 obseruatio
471 1929 542 1968 suo
583 1929 734 1981 gaudet
775 1930 864 1969 iure
908 1940 981 1967 nec
1015 1927 1157 1967 liceret
1190 1927 1319 1968 vllam
1352 1928 1442 1968 vim
1476 1927 1549 1981 ipfi
1582 1927 1648 1966 in-

197 1995 320 2043 serre,
355 1992 382 2032 fi
418 1992 502 2033 sol=a
534 1990 638 2032 saeta
668 1990 823 2042 fuiss‘et3
874 1991 998 2044 igitur
1032 1992 1203 2043 quaeuis
1235 1991 1465 2032 obseruatio
1498 2003 1572 2043 per
1606 1989 1649 2030 se

198 2059 303 2099 sarta
336 2066 458 2109 atque
493 2056 600 2095 testa
633 2055 680 2095 fit
714 2064 907 2108 oportet3
940 2053 1040 2094 nulli
1075 2054 1187 2094 aliud
1205 2053 1464 2095 statuendum
1482 2054 1540 2094 est
1556 2065 1650 2108 pre-

200 2122 320 2169 tium,
356 2131 480 2173 quam
515 2118 627 2172 quod
661 2118 734 2171 ipsi
769 2127 1031 2171 compertum
1065 2115 1169 2169 suiv,
1201 2118 1298 2170 quia
1329 2129 1432 2158 vero
1460 2116 1531 2156 fibi
1549 2127 1651 2157 con-

204 2184 421 2229 tradicunt,
447 2183 627 2235 pretium
663 2181 918 2221 statuendum
953 2181 1031 2220 erit
1065 2181 1144 2220 toti
1179 2180 1513 2221 obseruationum
1535 2191 1651 2220 com-

206 2245 346 2298 plexui
381 2247 540 2285 intactis
575 2245 776 2298 partibus:
814 2243 880 2284 Sic
930 2243 1094 2296 singulis
1130 2243 1480 2284 obseruationibus
1515 2251 1654 2282 certus

208 2306 375 2362 quidam
408 2321 522 2350 error
557 2308 815 2361 attribuitu13
859 2307 1052 2347 existimo
1087 2316 1248 2357 autem,
1300 2307 1412 2360 quod
1444 2305 1554 2345 inter
1586 2303 1653 2342 in*-

874 2368 917 2411 A
953 2380 978 2418 3
1562 2364 1666 2407 fim-⁴
