2029 2750
869 148 985 201 »ξε-ἐξ
1048 143 1245 203 )218(
1309 145 1425 198 &teg-

535 263 783 320 profundius
803 260 992 303 bilobum
1012 273 1059 301 ac
1081 258 1420 302 obtufiusculum.
1488 255 1675 300 Germen
1703 255 1731 306 ῼ
1753 268 1881 300 ouato

536 339 706 370 acutum
728 341 773 368 ac
794 326 964 367 obscure
985 326 1137 366 virens.
1208 324 1350 376 Stylus
1373 324 1571 364 incuruus
1593 322 1738 372 valde,
1771 322 1884 363 sum·

535 394 729 435 mitatem
764 390 966 445 germinis
1004 389 1219 443 aequalem
1257 388 1367 429 τεᾶει
1415 389 1643 441 excipiens.
1721 385 1886 441 Stigma

535 459 675 499 minus
696 455 903 511 profunde
922 454 1099 495 bifidum
1120 463 1160 494 et
1179 452 1354 492 acutius.
1424 449 1611 493 Germen
1642 450 1669 499 ῼ
1695 461 1884 502 ouatum‚

535 521 837 563 subincurvum
857 547 868 567 ,
905 518 1070 570 apicem
1088 515 1229 556 versus
1248 514 1355 565 stylo
1384 516 1426 556 in
1463 517 1561 556 duas
1597 525 1733 570 partes
1769 515 1885 557 inae-

536 583 678 637 quales
713 580 892 621 divisum
928 592 974 619 ac
1009 579 1163 633 pallide
1197 579 1350 618 virens.
1420 579 1562 630 Stylus
1597 579 1680 620 fere
1716 581 1851 620 rectus
1872 610 1884 630 ,

538 647 687 699 stigma
706 644 849 685 versus
870 642 1036 685 craffior
1056 655 1101 683 ac
1120 654 1307 697 purpura
1325 640 1477 683 leviter
1505 643 1655 683 tinstus
1677 674 1687 692 ‚
1722 643 1884 684 inferne

539 709 653 763 quasl
680 708 898 759 infrac‘tus,
919 707 1203 761 germinisque
1238 706 1467 747 summitati
1502 706 1673 760 oblique
1691 706 1885 749 deorsum

538 771 772 814 immersus.
842 771 1006 826 Stigma
1023 770 1231 826 profunde
1252 769 1466 822 bilobum,
1505 771 1713 812 obtusum.

408 865 680 917 PERICARP.
701 865 881 922 Capsula
896 876 1034 917 onata,
1078 866 1225 907 leuiter
1245 867 1494 916 acuminata,
1534 879 1580 908 ac
1617 866 1673 908 ob
1695 864 1904 921 fieminum·

544 933 751 976 defeecum
772 932 872 974 hinc
889 942 931 973 et
949 932 1045 973 inde
1065 930 1254 986 collapsa,
1308 929 1489 987 Capsula
1507 929 1534 980 ῼ
1558 941 1715 973 ouato-
1728 931 1889 972 acumi-

543 1007 641 1046 nata
658 1006 699 1038 et
721 995 765 1040 οῖ’
786 1006 950 1038 ouato-
969 995 1128 1037 conica.

416 1089 584 1156 SEMIN
588 1106 622 1140 A
638 1095 752 1140 bona
761 1093 1053 1148 vtplurimum
1072 1091 1209 1134 nulla
1201 1124 1212 1145 ,
1228 1091 1381 1147 partim
1400 1092 1541 1147 spurio
1560 1102 1724 1136 tantum
1743 1093 1888 1144 modo,

550 1158 709 1213 partim
729 1156 850 1211 plane
870 1170 955 1197 non
978 1158 1275 1211 impraegnata
1328 1155 1482 1198 Semen
1502 1170 1636 1199 vnum
1657 1157 1893 1200 alterumue

551 1221 602 1263 ad
622 1220 784 1272 sensum
803 1220 995 1270 bonum
983 1233 1027 1260 m
1047 1218 1211 1274 capsula
1226 1219 1303 1260 hac
1322 1220 1392 1260 vel
1408 1220 1478 1260 illa
1497 1221 1762 1262 rariffimum.

424 1317 522 1364 Not.
590 1317 800 1374 Quamuis
819 1318 862 1358 in
890 1316 975 1358 hoc
1012 1317 1309 1370 experimento
1343 1315 1393 1356 ad
1428 1315 1798 1369 impraegnandam
1833 1314 1861 1363 ῼ
1883 1345 1895 1364 ,

551 1382 728 1439 puluere
747 1381 1016 1423 antherarum
1037 1411 1048 1431 ,
1083 1379 1134 1421 de
1163 1379 1339 1422 floribus
1371 1379 1417 1422 0²
1437 1409 1448 1429 ,
1483 1378 1679 1419 inteufius
1714 1378 1898 1419 rubenti-

552 1447 631 1489 bus
651 1477 662 1498 ,
696 1446 859 1500 semper
888 1446 1143 1498 deprompto
1172 1445 1264 1485 vsus
1292 1443 1476 1484 fuerim:
1512 1443 1727 1483 indiuidua
1756 1453 1897 1483 tamen

554 1510 722 1566 plantae
741 1509 864 1552 huius
884 1508 1086 1560 hybridae
1105 1521 1189 1548 non
1211 1508 1355 1549 omnia
1373 1519 1460 1547 vno
1479 1508 1713 1560 eodemque
1743 1507 1898 1548 florum

557 1574 704 1616 colore
723 1573 911 1628 praedita
929 1581 1078 1624 erant3
1114 1572 1296 1626 plurima
1331 1573 1528 1626 equidem
1566 1573 1676 1612 inter
1710 1571 1737 1619 ῼ
1775 1582 1815 1612 et
1852 1571 1899 1615 0²v

556 1639 780 1688 medium,
815 1636 983 1692 qualem
1003 1636 1157 1677 scilicet
1176 1637 1296 1691 supra
1315 1637 1474 1685 notaui,
1509 1650 1608 1690 prae
1628 1636 1664 1676 se
1687 1635 1905 1690 ferebant3

555 1702 626 1745 sed
644 1712 808 1757 praeter
824 1701 925 1742 haec
945 1701 1072 1741 etiam
1092 1713 1176 1741 non
1196 1715 1327 1755 pauca
1345 1700 1515 1740 aderant
1552 1697 1605 1752 1.)
1635 1699 1806 1741 floribus
1835 1701 1899 1740 di·-

555 1767 683 1808 lutius
718 1765 960 1807 rubentibus
997 1766 1183 1806 exterius
1207 1795 1218 1815 ‚
1270 1764 1444 1805 interius
1495 1763 1646 1817 pallide
1697 1763 1899 1815 luteolis,

560 1840 610 1871 vt
645 1840 691 1872 et
733 1830 973 1884 paucissima
1008 1830 1085 1870 alia
1123 1827 1179 1884 2.)
1199 1829 1371 1869 floribus
1392 1827 1491 1868 albis
1522 1827 1749 1881 paulloque
1768 1829 1903 1869 maio-

559 1895 674 1937 ribus
694 1925 705 1944 ,
741 1904 914 1936 naturae
945 1893 989 1936 0²
1013 1924 1024 1945 ,
1059 1893 1221 1935 cultura
1255 1902 1439 1934 mutatae
1475 1905 1520 1932 ac
1555 1891 1674 1932 facile
1709 1891 1903 1933 aberran-

561 1959 617 2001 tis
638 1959 749 2001 vitio
768 1958 1049 2010 adscribenda,
1068 1971 1116 1999 ac
1134 1958 1391 2000 varietatum
1412 1957 1584 1998 nomine
1612 1957 1900 2011 nuncupanda.

863 2053 1366 2096 EXPERIMENTVM
1415 2053 1470 2096 Π.

877 2115 1050 2169 Digital.
1085 2117 1209 2158 lutea.
1245 2117 1288 2166 ῼ.

879 2176 1055 2232 Digital.
1089 2180 1263 2233 Thapsi.
1302 2180 1364 2223 οἳ.

813 2241 898 2286 An.
941 2246 1076 2292 1769.
1111 2242 1150 2282 d.
1186 2257 1228 2293 9.
1266 2243 1341 2285 Iul.
1377 2244 1420 2285 in
1455 2243 1565 2286 Flor.
1605 2256 1676 2286 20.

903 2358 910 2369 „
949 2305 1051 2349 Vid.
1086 2306 1200 2365 Exp.
1235 2308 1384 2352 inuers.
1418 2307 1521 2352 Vll.

1854 2371 1905 2414 In
