2029 2750
913 138 1028 192 »tis
1092 132 1285 194 )1⁶8(
1347 135 1465 189 5:03⁴·

431 252 549 295 fluidi
567 252 748 295 electrici
767 250 908 305 portio
925 262 980 291 ex
998 251 1155 292 lamina
1172 248 1420 304 expellenda
1436 248 1479 290 in
1498 247 1609 290 hunc
1632 239 1888 306 propulsabim‘

431 327 513 368 tur,
549 330 600 358 eo
629 316 715 371 ipso
744 326 881 357 autem
910 315 1088 365 instanti,
1123 327 1208 368 quo
1236 313 1317 354 hoc
1339 312 1399 361 fit,
1434 311 1657 364 reuiuiscit,
1693 325 1739 356 vt
1757 316 1889 356 modo

430 382 683 430 inuenimus,
718 381 780 420 vis
814 379 991 419 laminae
1026 378 1245 433 superioris
1281 377 1508 426 attractiua,
1544 392 1567 418 a
1593 391 1675 432 qua
1702 377 1889 432 itaquefi

432 446 535 487 alter
570 446 720 498 digitus
757 443 944 484 nondum
978 440 1103 482 fuerit
1136 450 1336 490 remotus,
1373 441 1545 481 fluidum
1574 442 1817 483 elec'tricum
1835 452 1891 483 ex

435 509 634 550 inferiore
653 509 701 548 ad
722 507 976 561 superiorem
994 505 1192 544 laminam
1210 516 1285 557 per
1303 504 1453 556 digitos
1475 504 1794 559 propulsabitur,
1827 505 1890 546 id-

431 586 526 627 que,
562 572 674 623 quod
702 570 973 622 praecipuum
1006 567 1075 616 est,
1111 566 1257 620 infigni
1292 565 1501 607 celeritate
1535 578 1576 609 et
1611 568 1890 616 vehementia,

433 648 529 677 cum
560 633 713 673 scilicet
739 630 886 685 duplici
913 630 956 669 vi
978 630 1178 683 adigatur,
1213 642 1296 670 vna
1313 628 1568 671 attractiua'a
1585 632 1799 685 superiori,
1835 630 1892 671 al-

433 710 523 738 tera
549 695 786 750 propulsiua
815 693 863 734 ab
891 692 1076 734 inferiori
1102 693 1279 746 lamina3
1313 694 1356 733 in
1379 694 1584 734 eiusmodi
1603 705 1741 735 autem
1760 704 1890 736 trans-

434 761 575 802 fluxus
596 759 712 800 fluidi
732 758 913 799 electrici
929 757 1152 798 velocitate
1171 768 1212 798 et
1230 756 1498 798 vehementia
1515 757 1556 797 id
1574 758 1801 808 consistere,
1819 771 1893 799 cu-

433 826 496 866 ius
530 823 746 878 perceptio
774 821 1010 863 commotio
1036 820 1228 862 electrica
1255 820 1500 874 appellatur,
1535 821 1577 861 in
1595 820 1764 875 lagenae
1779 822 1891 876 Lug-

433 887 624 930 dunensis
644 886 804 927 theoria
820 886 979 927 dudum
997 885 1051 926 est
1071 884 1405 940 comprobatum.

565 981 725 1036 Quodsi
752 994 856 1022 vero
882 979 1056 1021 inferior
1084 981 1238 1022 lamina
1265 981 1451 1034 primum
1481 981 1746 1035 contingatur
1764 1011 1776 1031 ‚
1809 977 1856 1020 V
1873 978 1895 1020 1

438 1048 489 1088 ad
507 1046 685 1087 nihilum
705 1045 916 1086 reducitur
935 1073 946 1092 ,
981 1044 1044 1083 vis
1072 1056 1175 1084 vero
1210 1045 1388 1084 laminae
1425 1044 1646 1096 superioris
1682 1044 1896 1086 attradiiua

434 1110 628 1152 increscit
647 1137 658 1156 ,
695 1120 799 1160 quae
822 1108 949 1160 igitur
967 1106 995 1146 fi
1014 1106 1134 1148 fimul
1153 1107 1282 1148 altero
1301 1107 1432 1159 digito
1469 1108 1734 1160 contingatur
1754 1138 1765 1156 ,
1800 1106 1896 1147 flui—

435 1175 538 1214 dum
557 1171 798 1213 elet'tricum
815 1170 939 1211 huius
959 1169 1137 1211 attrahet
1160 1183 1171 1223 ;
1205 1184 1256 1211 eo
1291 1167 1380 1223 ipso
1409 1180 1547 1210 autem
1566 1170 1729 1210 instanti
1749 1171 1811 1209 vis
1829 1170 1896 1208 in-

435 1235 599 1277 ferioris
625 1233 828 1287 repulslua
846 1233 1056 1274 reuiuiscit
1075 1263 1086 1283 ,
1121 1236 1178 1274 ita
1196 1264 1206 1281 ,
1240 1244 1288 1273 vt
1313 1233 1438 1273 etiam
1472 1233 1554 1274 hoc
1589 1233 1680 1274 casu
1717 1232 1894 1273 fluidum

436 1300 675 1341 electricum
702 1297 848 1351 duplici
873 1298 915 1336 vi
953 1297 1139 1349 adigatur
1175 1305 1215 1337 et
1249 1295 1500 1337 transfluxus
1535 1295 1594 1336 sui
1628 1295 1895 1338 vehementia

438 1362 773 1406 commotionem
795 1360 1027 1403 electricam
1046 1361 1263 1415 produc-at.

589 1458 872 1499 Transfluxus
891 1456 960 1497 hic
979 1457 1142 1500 durabit
1162 1489 1172 1508 ‚
1207 1458 1339 1499 donec
1357 1466 1532 1511 vtraque
1550 1457 1612 1497 vis
1640 1451 1723 1495 VS
1753 1462 1794 1493 et
1819 1449 1898 1493 VI

439 1525 491 1565 ad
510 1522 688 1564 nihilum
707 1522 937 1572 redierint,
971 1521 1119 1573 quibus
1149 1521 1281 1562 nihilo
1309 1522 1491 1575 aequatis
1526 1520 1652 1561 iidem
1687 1517 1895 1572 prodeunt

437 1587 603 1630 valores
622 1586 801 1626 extremi
821 1585 1052 1626 litterarum
1070 1587 1114 1631 Q
1133 1596 1174 1626 ct
1191 1596 1236 1636 Δ,
1271 1598 1376 1639 quos
1395 1586 1437 1624 in
1464 1583 1742 1638 experimenti
1775 1593 1895 1636 prae-

439 1652 624 1696 cedentis
639 1650 918 1704 explicatione
938 1678 949 1697 ,
983 1648 1221 1690 succeffiuos
1239 1647 1539 1702 Elet‘trophori
1568 1648 1690 1687 status
1729 1644 1895 1687 alternis

440 1714 698 1756 contactibus
717 1724 833 1754 ortos
852 1711 1016 1752 calculis
1036 1712 1325 1766 prosequendo
1344 1712 1582 1751 inuenimus
1604 1723 1615 1760 3
1649 1709 1757 1748 vnde
1777 1737 1787 1756 ,
1822 1719 1896 1747 cur

443 1779 637 1832 deinceps
657 1777 908 1819 laminarum
928 1775 1001 1821 fibi
1018 1777 1253 1820 iuncturam
1271 1785 1416 1817 neutra
1433 1775 1523 1815 vim
1542 1771 1718 1827 amplius
1745 1769 1897 1825 prodat

437 1843 674 1885 eledtricam
695 1870 706 1892 ,
739 1854 813 1897 per
831 1839 869 1882 se
887 1849 1011 1894 patet.

569 1958 602 2006 §.
640 1966 682 2004 7.
748 1952 982 2008 Explicatis
1001 1952 1140 2007 itaque
1157 1964 1212 1994 ex
1233 1948 1455 2006 'principiis
1490 1950 1675 1992 theoriae
1707 1946 1896 2002 propoli-

445 2027 511 2059 tae
530 2047 542 2058 .
577 2019 772 2058 omnibus
793 2047 804 2066 ,
840 2029 943 2069 quae
962 2047 972 2066 ‚
1009 2016 1107 2059 dum
1127 2016 1378 2059 laminarum
1406 2023 1581 2067 vti-aque
1610 2011 1763 2053 resmae
1793 2021 1895 2051 con-

443 2082 557 2136 tigua
573 2080 629 2121 est
648 2110 659 2128 ,
695 2080 734 2122 se
753 2078 1012 2120 manifestant
1031 2111 1042 2130 ,
1074 2080 1376 2134 phaenomenis
1389 2108 1399 2127 ‚
1433 2077 1482 2117 ad
1500 2090 1547 2116 ea
1562 2073 1899 2129 progrediamur,

442 2158 548 2199 quae
567 2143 837 2186 obseruantur
854 2171 866 2191 ‚
898 2142 1000 2183 dum
1019 2143 1204 2196 superior
1220 2142 1375 2182 lamina
1409 2139 1458 2179 ab
1491 2137 1801 2192 Elestrophoro
1834 2135 1898 2177 di—

441 2208 618 2252 ducitur.

1817 2335 1897 2379 VI.
