2029 2750
885 132 1001 187 »2233
1066 128 1228 191 >84(
1293 128 1410 187 ἓὶεέοὲ

411 242 626 298 Aequatio
643 246 926 301 biquadratica
943 261 1069 302 quam
1088 247 1157 290 hic
1175 261 1255 306 pro
1273 248 1570 300 n2inuenimus,
1583 245 1788 305 insignem
1804 248 1880 292 ha·

414 310 483 349 bet
502 310 760 362 affinitatem,
774 325 871 354 cum
891 313 1135 366 aequatione
1153 306 1415 354 differentiali
1430 327 1508 368 pro
1526 328 1557 355 x
1575 316 1607 366 §2
1627 328 1667 363 3.
1684 317 1882 367 inuenta;

411 373 568 415 scilicet
602 376 630 416 fi
665 376 764 417 loco
799 376 853 428 n‘,
873 370 927 426 n³‚
947 373 1002 427 n²,
1021 391 1047 419 n
1073 377 1301 430 respeetiue
1337 377 1568 420 scribantur
1602 378 1703 428 d‘x,
1723 374 1820 419 ²—d³
1832 391 1879 427 x,

409 438 517 484 -4-11'
525 439 606 486 dx,
624 441 760 491 —dx,
795 455 849 482 ex
877 442 1124 494 aequatione
1154 453 1233 492 pro
1251 454 1276 480 n
1295 471 1306 490 ‚
1342 443 1502 484 orietur
1529 444 1724 496 aequatio
1757 441 1877 483 diffe-

408 503 595 543 rentialis
615 506 752 557 quarti
779 505 930 556 gradus
959 517 1038 556 pro
1060 517 1091 543 x
1117 516 1138 553 3.
1164 512 1205 542 et
1224 516 1355 556 quum
1383 506 1648 560 inuestigatio
1675 505 1880 559 multipli-

408 576 600 606 catorum
621 575 699 619 pro
717 567 961 618 integranda
979 567 1226 618 aequatione
1255 566 1523 611 differentiali
1553 574 1584 621 §.
1610 583 1650 619 3.
1681 583 1736 610 ex
1766 569 1879 611 reso-

406 629 570 669 lutione
589 629 712 668 huius
731 630 990 683 aequationis
1011 629 1318 682 biquadraticae
1337 631 1566 686 dependeat
1584 665 1595 682 ‚
1629 634 1879 687 intelligitur

407 692 558 748 iisdem
577 693 972 749 multiplicatoribus
994 693 1142 747 quibus
1162 695 1355 746 aequatio
1393 696 1631 737 differentio
1648 721 1666 726 -
1684 697 1880 738 differen-

408 755 517 796 tialis
535 758 619 796 iam
646 758 860 811 proposita
889 758 1077 799 redditur
1105 757 1360 811 integrabilis
1380 790 1392 810 ,
1427 760 1554 801 etiam
1584 761 1880 814 aequationem

406 819 725 862 differentialem
762 822 847 877 sola
883 821 1175 864 differentialia
1209 822 1332 875 ipfius
1367 836 1400 864 x
1442 824 1736 864 inuoluentem
1771 825 1880 864 inte-

405 884 611 936 grabilem
630 886 761 926 reddi.
812 886 1044 927 Methodus
1063 888 1190 940 igitur
1209 888 1293 926 iam
1313 888 1526 941 proposita
1545 888 1661 929 illam
1690 889 1880 942 priorem

406 946 603 988 facilitate
622 950 698 988 vix
722 950 915 1003 superare
935 952 1103 1006 videtur
1121 981 1134 998 ,
1170 963 1267 990 nam
1285 961 1468 1005 Vtroque
1497 953 1541 991 in
1579 951 1672 992 casu
1694 983 1706 1001 ‚
1741 961 1882 992 totum

406 1013 627 1069 negotium
655 1013 946 1067 integrationis
965 1044 976 1064 ,
1013 1014 1063 1054 ad
1098 1014 1393 1055 inueniendam
1432 1015 1546 1055 illam
1582 1017 1881 1069 aequationem

406 1066 737 1137 biquadraticam
757 1079 982 1119 reducitur.
1050 1077 1171 1119 Tum
1198 1091 1302 1118 vero
1335 1089 1377 1118 et
1410 1079 1616 1132 posterior
1644 1078 1879 1120 Methodus

410 1137 485 1179 illo
504 1140 783 1181 incommodo
801 1141 989 1182 laborare
1005 1143 1200 1191 xidctur,
1235 1142 1348 1194 quod
1370 1143 1507 1182 minus
1525 1142 1736 1195 patescat,
1757 1145 1880 1194 quo·

408 1203 542 1242 modo
567 1205 840 1265 integiatioi
814 1205 863 1247 fit
888 1205 1240 1261 perficiendaillis
1275 1206 1318 1244 in
1353 1206 1507 1246 cafibus
1528 1236 1540 1254 ‚
1574 1205 1645 1245 vbi
1681 1205 1879 1257 aequatio

405 1266 479 1307 ista
495 1260 781 1320 biquadratica
807 1261 949 1323 plures
978 1269 1170 1310 habuerit
1199 1260 1354 1309 radices
1385 1270 1590 1323 aequales.
1656 1268 1741 1309 Pro
1768 1268 1878 1309 binis

407 1322 581 1384 quidem
599 1331 807 1373 radicibus
828 1331 1070 1386 aequalibus
1087 1345 1150 1372 res
1170 1333 1226 1372 est
1245 1331 1473 1372 manifesta.
1540 1331 1731 1373 Subsidio
1760 1333 1878 1372 enim

407 1395 535 1454 trium
555 1397 855 1449 aequationum
876 1398 910 1446 §.
933 1409 1004 1435 21.
1023 1396 1354 1451 propositarum,
1373 1395 1632 1436 eliminando
1649 1396 1717 1435 dx
1735 1405 1776 1435 et
1795 1397 1877 1447 dy,

406 1451 586 1498 inueniri
607 1459 740 1512 potest
759 1463 954 1512 aequatio
972 1461 1082 1500 inter
1099 1473 1187 1511 x,y
1205 1470 1245 1500 et
1273 1459 1508 1500 functiones
1538 1460 1725 1513 cognitas
1753 1459 1878 1513 ipsius

405 1534 446 1569 u,
469 1531 557 1562 tum
579 1535 681 1564 vcro
701 1522 959 1564 eliminando
976 1537 1009 1564 x
1027 1534 1068 1563 et
1091 1537 1127 1575 y
1151 1555 1162 1572 ,
1197 1523 1420 1565 habebitur
1455 1524 1649 1578 aequatio
1683 1522 1880 1563 differen-

405 1585 522 1626 tialia
540 1587 608 1626 dx
627 1596 670 1627 et
687 1587 746 1638 dy
768 1587 988 1641 implicans
1009 1618 1019 1636 ,
1057 1601 1162 1641 quae
1182 1600 1312 1639 quum
1335 1587 1481 1641 sponte
1513 1587 1561 1628 fit
1588 1586 1846 1640 integrabilis
1856 1617 1879 1638 ‚

406 1650 688 1703 integratione
708 1652 873 1704 peraeta
891 1682 904 1701 ,
939 1664 1094 1692 nouam
1115 1651 1362 1691 h1bebimus
1381 1653 1712 1703 aequationem,
1747 1663 1876 1703 quam

406 1726 439 1753 x
457 1723 539 1765 ety
558 1715 850 1767 ingrediuntur
867 1746 879 1765 ‚
913 1727 968 1755 ex
987 1729 1068 1768 qua
1085 1715 1114 1756 fi
1134 1727 1230 1756 cum
1257 1715 1374 1769 prius
1401 1715 1575 1756 inuenta
1602 1712 1845 1755 conferatur
1862 1743 1877 1764 ,

405 1777 489 1818 siue
506 1791 561 1828 x,
596 1778 664 1819 seu
672 1792 706 1831 y
726 1779 827 1824 elici
837 1781 1007 1834 poterit.

539 1909 574 1956 §-
600 1921 670 1957 24.
706 1909 768 1949 At
785 1923 890 1953 vero
912 1910 938 1951 fi
959 1910 1152 1965 aequatio
1171 1909 1243 1950 ista
1262 1909 1547 1963 biquadratica
1565 1938 1578 1958 ,
1611 1905 1679 1947 vel
1699 1915 1780 1947 tres
1799 1905 1876 1945 ha-

407 1968 548 2008 buerit
574 1972 727 2011 radices
748 1972 938 2026 aequales
959 2005 971 2024 ,
1005 1974 1071 2014 vel
1091 1973 1188 2013 bina
1205 1975 1395 2014 radicum
1415 1972 1650 2025 aequalium
1670 1971 1798 2022 paria,
1816 1970 1875 2008 ita

409 2041 458 2071 vt
477 2035 775 2085 aequationum
796 2040 831 2085 ᾗ.
853 2051 891 2076 2.
911 2038 1221 2091 propositarum
1245 2069 1255 2087 ‚
1290 2037 1407 2077 binas
1427 2046 1589 2076 tantum
1616 2034 1841 2073 habeamus
1861 2062 1873 2082 ‚

411 2096 673 2149 inuestigatio
694 2099 873 2150 ipsarum
895 2113 916 2140 a
943 2111 1029 2150 ety
1049 2102 1105 2139 ita
1125 2101 1270 2153 perfici
1292 2100 1412 2140 debet
1431 2129 1443 2146 ‚
1476 2109 1524 2138 vt
1558 2110 1668 2137 noua
1688 2098 1872 2137 institua-

411 2168 480 2198 tur
511 2159 735 2213 integratio
771 2162 919 2202 harum
956 2164 1267 2215 aequationum.
1335 2162 1631 2216 Suppvnamus
1671 2162 1872 2201 nimirum

410 2225 723 2265 combinatione
742 2225 891 2266 harum
923 2228 1216 2279 aequationum
1238 2227 1355 2271 faeta,
1380 2227 1482 2266 oriri
1519 2226 1627 2265 hanc
1662 2225 1874 2279 aequatio-

410 2299 507 2328 nem
527 2289 771 2343 integralem
789 2306 797 2330 :
832 2295 888 2331 e'‘¹⁴
902 2289 1167 2346 (x—faysz,
1182 2284 1422 2345 *defignante
1444 2290 1486 2330 V
1507 2291 1711 2333 summam
1741 2301 1872 2343 quan-

1702 2364 1870 2397 matum
