2029 2750
857 125 974 178 ..ἃς
1038 122 1236 184 >224(
1296 90 1461 177 ἕρφ’

397 231 638 293 conceptio
673 237 807 283 inanis
828 269 840 291 ,
877 239 950 283 vel
982 239 1118 284 adhuc
1152 240 1288 282 dubia.
1356 237 1528 283 Semina
1563 239 1761 284 rariffime
1777 252 1870 286 mo·

453 302 624 346 dullosa.

817 369 1319 413 EXPERIMENTVM
1369 367 1446 412 IX.

713 464 887 521 Digital'
923 431 1170 553 Ιρυιιΐτρῗοῖξ
1216 466 1261 516 ῼ’

714 560 888 614 Digital.
926 575 1046 615 purp.
1086 559 1146 603 0².

586 622 671 665 An.
717 636 852 673 1770.
889 624 928 665 d.
969 638 1041 675 29.
1077 623 1167 665 Iun.
1205 622 1315 665 Flor.
1349 624 1532 678 plurimi.

387 677 627 742 conceptio
662 697 706 731 et
740 687 927 740 semina,
963 699 1019 747 vt¹
1042 690 1086 729 in
1120 689 1233 744 Exp.
1281 686 1402 730 vul.

821 773 1325 818 EXPERIMENTVM
1377 775 1429 818 Χ.

711 869 884 926 Digital.
919 837 1166 959 ffipz}
1210 871 1252 922 ῼ.

709 965 882 1021 Digital.
917 968 990 1008 lut.
1031 968 1090 1010 θ’.

578 1027 664 1071 An.
706 1042 843 1081 1770.
880 1031 918 1072 d.
960 1044 1029 1069 12.
1071 1031 1146 1072 lul.
1183 1031 1292 1073 Flor.
1330 1033 1513 1088 plurimi.

381 1086 622 1147 conceptio
661 1095 796 1136 inanis
818 1124 829 1145 ,
854 1094 933 1137 ‚vel
968 1093 1102 1136 adhuc
1146 1096 1282 1136 dubia.

808 1177 1309 1221 EXPERIMENTVM
1358 1178 1435 1222 XI.

705 1240 880 1295 Digital.
917 1255 1088 1296 purpur.
1124 1241 1166 1292 ῼ.

703 1304 879 1359 Digital.
917 1305 1072 1359 ambig.
1111 1305 1171 1349 d'.

568 1369 654 1411 An.
697 1383 833 1420 1772.
869 1370 908 1410 d.
943 1382 1014 1409 21.
1056 1368 1145 1411 Iun.
1184 1369 1293 1413 Flor.
1336 1382 1404 1411 10.

384 1428 622 1488 Conceptio
658 1434 799 1485 nulia,
841 1434 908 1474 vel
945 1435 1093 1474 inanis.

835 1497 935 1538 Vid.
975 1499 1084 1551 Exp.
1122 1498 1268 1538 inuers.
1307 1497 1403 1540 ΧΠ.

795 1571 1294 1614 EXPERIMENTVM
1341 1573 1438 1616 XII.

705 1635 879 1690 Digital.
916 1636 1067 1690 ambig.
1105 1637 1147 1684 ῼ.

705 1699 877 1754 Digital.
916 1714 1085 1754 purpur.
1123 1700 1180 1743 cf.

571 1764 658 1805 An.
702 1775 836 1815 1772.
874 1766 912 1806 d.
954 1778 1024 1804 21.
1062 1765 1153 1807 Iun.
1191 1765 1301 1807 Flor.
1337 1779 1379 1816 4.

384 1825 624 1884 conceptio
659 1830 824 1879 inanis,
869 1829 940 1870 vel
976 1828 1109 1870 adhuc
1146 1831 1279 1871 dubia.
1366 1825 1569 1883 Capsulae
1604 1839 1790 1872 maturae
1825 1827 1854 1879 ῼ

448 1895 739 1947 magnitudine
760 1894 932 1949 quidem
966 1893 1053 1935 fere
1082 1895 1333 1937 naturalium
1354 1926 1364 1945 ‚
1401 1894 1555 1936 semina
1583 1906 1722 1937 autem
1751 1895 1856 1936 caffa

449 1970 604 1998 omnia.

379 2017 476 2064 Not.
512 2022 632 2062 Licet
651 2021 677 2068 ῼ
702 2032 743 2063 et
765 2022 811 2065 0⁷¹
830 2023 1017 2077 pluribus
1038 2024 1174 2065 multo
1194 2037 1320 2077 quam
1333 2022 1504 2076 Digital.
1527 2023 1654 2071 lut?
1669 2034 1709 2064 et
1729 2035 1850 2076 purp.

515 2085 574 2129 ἅ.
613 2085 723 2139 Exp.
761 2086 793 2126 l.
829 2089 1154 2140 propinquitatis
1184 2088 1362 2129 vinculis
1384 2087 1453 2128 nbi
1473 2088 1654 2127 inuicem
1676 2087 1852 2127 coniun-

513 2150 601 2191 stae
620 2149 697 2189 fint
717 2180 727 2198 ,
766 2149 941 2203 copulae
960 2161 1100 2189 tamen
1120 2154 1337 2204 vtriusque
1366 2160 1540 2191 euentus
1569 2150 1689 2204 plane
1716 2151 1850 2205 dispar

511 2212 702 2255 affinitati
724 2213 900 2255 minime
920 2213 1155 2266 respondet.

839 2275 940 2318 Vid.
978 2277 1088 2332 Exp.
1124 2276 1272 2318 inuers.
1309 2276 1383 2319 XI.

1750 2343 1850 2386 EX·-
