<?xml version="1.0" encoding="UTF-8"?>
<!DOCTYPE html PUBLIC "-//W3C//DTD XHTML 1.0 Transitional//EN"
    "http://www.w3.org/TR/xhtml1/DTD/xhtml1-transitional.dtd">
<html xmlns="http://www.w3.org/1999/xhtml" xml:lang="en" lang="en">
 <head>
  <title>
</title>
<meta http-equiv="Content-Type" content="text/html;charset=utf-8" />
  <meta name='ocr-system' content='tesseract 3.04.00' />
  <meta name='ocr-capabilities' content='ocr_page ocr_carea ocr_par ocr_line ocrx_word'/>
</head>
<body>
  <div class='ocr_page' id='page_1' title='image "./actaacademiaesci01impe/actaacademiaesci01impe_0369.png"; bbox 0 0 2029 2750; ppageno 0'>
   <div class='ocr_carea' id='block_1_1' title="bbox 575 123 1132 183">
    <p class='ocr_par' dir='ltr' id='par_1_1' title="bbox 575 123 1132 183">
     <span class='ocr_line' id='line_1_1' title="bbox 575 123 1132 183; baseline 0 -7"><span class='ocrx_word' id='word_1_1' title='bbox 575 126 692 179; x_wconf 47' lang='grc' dir='ltr'>»ξι-«εξ</span> <span class='ocrx_word' id='word_1_2' title='bbox 757 123 894 183; x_wconf 81' lang='lat'><em>)251</em></span> <span class='ocrx_word' id='word_1_3' title='bbox 935 124 949 182; x_wconf 97' lang='lat'>(</span> <span class='ocrx_word' id='word_1_4' title='bbox 1014 124 1132 178; x_wconf 56' lang='lat'>&amp;303⁴-</span> 
     </span>
    </p>
   </div>
   <div class='ocr_carea' id='block_1_2' title="bbox 164 236 1585 2329">
    <p class='ocr_par' dir='ltr' id='par_1_2' title="bbox 182 236 946 293">
     <span class='ocr_line' id='line_1_2' title="bbox 182 236 946 293; baseline -0.003 -13"><span class='ocrx_word' id='word_1_5' title='bbox 182 243 258 289; x_wconf 82' lang='lat'>65.</span> <span class='ocrx_word' id='word_1_6' title='bbox 292 236 406 280; x_wconf 70' lang='lat' dir='ltr'>Dic&#39;ti</span> <span class='ocrx_word' id='word_1_7' title='bbox 440 237 547 280; x_wconf 84' lang='lat' dir='ltr'>rami</span> <span class='ocrx_word' id='word_1_8' title='bbox 581 238 758 291; x_wconf 84' lang='lat' dir='ltr'>papillae</span> <span class='ocrx_word' id='word_1_9' title='bbox 794 239 809 293; x_wconf 91' lang='lat'><em>(</em></span> <span class='ocrx_word' id='word_1_10' title='bbox 828 243 900 288; x_wconf 85' lang='lat'>64.</span> <span class='ocrx_word' id='word_1_11' title='bbox 918 237 946 291; x_wconf 95' lang='lat'>).</span> 
     </span>
    </p>

    <p class='ocr_par' dir='ltr' id='par_1_3' title="bbox 180 297 1585 419">
     <span class='ocr_line' id='line_1_3' title="bbox 180 297 1585 358; baseline 0.001 -14"><span class='ocrx_word' id='word_1_12' title='bbox 180 308 257 344; x_wconf 85' lang='lat'>66.</span> <span class='ocrx_word' id='word_1_13' title='bbox 279 307 351 353; x_wconf 89' lang='lat'>67.</span> <span class='ocrx_word' id='word_1_14' title='bbox 388 303 508 343; x_wconf 81' lang='lat' dir='ltr'>Rami</span> <span class='ocrx_word' id='word_1_15' title='bbox 543 313 597 341; x_wconf 84' lang='lat' dir='ltr'>ex</span> <span class='ocrx_word' id='word_1_16' title='bbox 632 301 748 353; x_wconf 86' lang='lat' dir='ltr'>apice</span> <span class='ocrx_word' id='word_1_17' title='bbox 783 301 920 341; x_wconf 90' lang='lat' dir='ltr'>trunci</span> <span class='ocrx_word' id='word_1_18' title='bbox 956 302 1053 348; x_wconf 81' lang='lat' dir='ltr'>orti,</span> <span class='ocrx_word' id='word_1_19' title='bbox 1074 301 1187 340; x_wconf 88' lang='lat' dir='ltr'>arcui</span> <span class='ocrx_word' id='word_1_20' title='bbox 1224 297 1362 358; x_wconf 82' lang='lat'><strong>(56.)</strong></span> <span class='ocrx_word' id='word_1_21' title='bbox 1398 300 1466 343; x_wconf 89' lang='lat' dir='ltr'>seu</span> <span class='ocrx_word' id='word_1_22' title='bbox 1484 313 1585 346; x_wconf 83' lang='lat' dir='ltr'>orae</span> 
     </span>
     <span class='ocr_line' id='line_1_4' title="bbox 305 364 1186 419; baseline -0.003 -12"><span class='ocrx_word' id='word_1_23' title='bbox 305 365 508 419; x_wconf 84' lang='lat' dir='ltr'>superiori</span> <span class='ocrx_word' id='word_1_24' title='bbox 544 364 734 403; x_wconf 85' lang='lat' dir='ltr'>cauitatis</span> <span class='ocrx_word' id='word_1_25' title='bbox 770 364 982 405; x_wconf 79' lang='lat' dir='ltr'><strong>auriculae</strong></span> <span class='ocrx_word' id='word_1_26' title='bbox 1018 364 1186 404; x_wconf 78' lang='lat' dir='ltr'><strong>annexi.</strong></span> 
     </span>
    </p>

    <p class='ocr_par' dir='ltr' id='par_1_4' title="bbox 181 426 1583 546">
     <span class='ocr_line' id='line_1_5' title="bbox 181 426 1583 486; baseline 0 -15"><span class='ocrx_word' id='word_1_27' title='bbox 181 435 254 475; x_wconf 88' lang='lat'>68.</span> <span class='ocrx_word' id='word_1_28' title='bbox 277 434 347 478; x_wconf 93' lang='lat'>69.</span> <span class='ocrx_word' id='word_1_29' title='bbox 369 439 440 477; x_wconf 94' lang='lat'>70.</span> <span class='ocrx_word' id='word_1_30' title='bbox 476 427 600 468; x_wconf 89' lang='lat' dir='ltr'>Rami</span> <span class='ocrx_word' id='word_1_31' title='bbox 635 429 691 467; x_wconf 84' lang='lat' dir='ltr'>ex</span> <span class='ocrx_word' id='word_1_32' title='bbox 725 440 821 468; x_wconf 87' lang='lat' dir='ltr'>arcu</span> <span class='ocrx_word' id='word_1_33' title='bbox 857 426 983 483; x_wconf 79' lang='lat'>(58.)</span> <span class='ocrx_word' id='word_1_34' title='bbox 1020 429 1133 476; x_wconf 88' lang='lat' dir='ltr'>orti,</span> <span class='ocrx_word' id='word_1_35' title='bbox 1168 428 1212 468; x_wconf 89' lang='lat' dir='ltr'>in</span> <span class='ocrx_word' id='word_1_36' title='bbox 1248 426 1583 486; x_wconf 84' lang='lat' dir='ltr'>truncum(62.)</span> 
     </span>
     <span class='ocr_line' id='line_1_6' title="bbox 302 490 1262 546; baseline 0.002 -14"><span class='ocrx_word' id='word_1_37' title='bbox 302 491 474 541; x_wconf 88' lang='lat' dir='ltr'>inserti,</span> <span class='ocrx_word' id='word_1_38' title='bbox 509 492 560 531; x_wconf 84' lang='lat' dir='ltr'>ad</span> <span class='ocrx_word' id='word_1_39' title='bbox 594 490 717 531; x_wconf 87' lang='lat' dir='ltr'>fibras</span> <span class='ocrx_word' id='word_1_40' title='bbox 753 491 960 534; x_wconf 77' lang='lat' dir='ltr'>auriculae</span> <span class='ocrx_word' id='word_1_41' title='bbox 993 493 1262 546; x_wconf 84' lang='lat' dir='ltr'>pertinentes.</span> 
     </span>
    </p>

    <p class='ocr_par' dir='ltr' id='par_1_5' title="bbox 184 547 1583 737">
     <span class='ocr_line' id='line_1_7' title="bbox 184 547 1583 610; baseline 0.003 -13"><span class='ocrx_word' id='word_1_42' title='bbox 184 547 450 607; x_wconf 30' lang='lat' dir='ltr'>71.&#39;Ramus</span> <span class='ocrx_word' id='word_1_43' title='bbox 501 567 556 595; x_wconf 86' lang='lat' dir='ltr'>ex</span> <span class='ocrx_word' id='word_1_44' title='bbox 608 556 925 596; x_wconf 82' lang='lat' dir='ltr'>continuatione</span> <span class='ocrx_word' id='word_1_45' title='bbox 977 568 1076 597; x_wconf 84' lang='lat' dir='ltr'>orae</span> <span class='ocrx_word' id='word_1_46' title='bbox 1129 556 1351 610; x_wconf 86' lang='lat' dir='ltr'>superioris</span> <span class='ocrx_word' id='word_1_47' title='bbox 1386 559 1583 601; x_wconf 84' lang='lat' dir='ltr'>cauitatis</span> 
     </span>
     <span class='ocr_line' id='line_1_8' title="bbox 301 616 1581 677; baseline 0.002 -17"><span class='ocrx_word' id='word_1_48' title='bbox 301 618 508 660; x_wconf 77' lang='lat' dir='ltr'>auriculae</span> <span class='ocrx_word' id='word_1_49' title='bbox 534 616 658 675; x_wconf 89' lang='grc'><strong>(57.)</strong></span> <span class='ocrx_word' id='word_1_50' title='bbox 679 629 793 660; x_wconf 89' lang='lat' dir='ltr'>ortus</span> <span class='ocrx_word' id='word_1_51' title='bbox 812 620 855 659; x_wconf 90' lang='lat' dir='ltr'>in</span> <span class='ocrx_word' id='word_1_52' title='bbox 892 620 1094 661; x_wconf 86' lang='lat' dir='ltr'>annulum</span> <span class='ocrx_word' id='word_1_53' title='bbox 1129 633 1332 661; x_wconf 88' lang='lat' dir='ltr'>carneum</span> <span class='ocrx_word' id='word_1_54' title='bbox 1368 619 1468 676; x_wconf 82' lang='lat'><strong>(47.</strong></span> <span class='ocrx_word' id='word_1_55' title='bbox 1488 621 1581 677; x_wconf 85' lang='lat'><em>48.)</em></span> 
     </span>
     <span class='ocr_line' id='line_1_9' title="bbox 299 682 1255 737; baseline 0.003 -15"><span class='ocrx_word' id='word_1_56' title='bbox 299 683 475 724; x_wconf 84' lang='lat' dir='ltr'>insertus</span> <span class='ocrx_word' id='word_1_57' title='bbox 496 713 507 731; x_wconf 85' lang='lat'>,</span> <span class='ocrx_word' id='word_1_58' title='bbox 543 683 593 723; x_wconf 86' lang='lat' dir='ltr'>ad</span> <span class='ocrx_word' id='word_1_59' title='bbox 627 682 750 724; x_wconf 85' lang='lat' dir='ltr'>fibras</span> <span class='ocrx_word' id='word_1_60' title='bbox 787 685 996 725; x_wconf 80' lang='lat' dir='ltr'>auriculae</span> <span class='ocrx_word' id='word_1_61' title='bbox 1029 685 1255 737; x_wconf 87' lang='lat' dir='ltr'>pertinens.</span> 
     </span>
    </p>

    <p class='ocr_par' dir='ltr' id='par_1_6' title="bbox 179 745 1580 855">
     <span class='ocr_line' id='line_1_10' title="bbox 179 745 1580 798; baseline 0.002 -11"><span class='ocrx_word' id='word_1_62' title='bbox 179 758 255 798; x_wconf 86' lang='lat'>72.</span> <span class='ocrx_word' id='word_1_63' title='bbox 277 759 348 798; x_wconf 85' lang='lat'>72.</span> <span class='ocrx_word' id='word_1_64' title='bbox 371 757 444 796; x_wconf 85' lang='lat'>72.</span> <span class='ocrx_word' id='word_1_65' title='bbox 480 745 646 788; x_wconf 88' lang='lat' dir='ltr'>Foueae</span> <span class='ocrx_word' id='word_1_66' title='bbox 666 777 676 797; x_wconf 95' lang='lat'>‚</span> <span class='ocrx_word' id='word_1_67' title='bbox 712 746 781 788; x_wconf 91' lang='lat' dir='ltr'>seu</span> <span class='ocrx_word' id='word_1_68' title='bbox 816 748 1037 789; x_wconf 83' lang='lat' dir='ltr'>interstitia</span> <span class='ocrx_word' id='word_1_69' title='bbox 1070 747 1180 791; x_wconf 87' lang='lat' dir='ltr'>inter</span> <span class='ocrx_word' id='word_1_70' title='bbox 1227 747 1350 791; x_wconf 84' lang='lat' dir='ltr'>fibras</span> <span class='ocrx_word' id='word_1_71' title='bbox 1383 749 1580 793; x_wconf 83' lang='lat' dir='ltr'>reticula-</span> 
     </span>
     <span class='ocr_line' id='line_1_11' title="bbox 300 812 982 855; baseline 0.003 -3"><span class='ocrx_word' id='word_1_72' title='bbox 300 822 358 852; x_wconf 84' lang='lat' dir='ltr'>tas</span> <span class='ocrx_word' id='word_1_73' title='bbox 395 820 436 852; x_wconf 93' lang='lat' dir='ltr'>et</span> <span class='ocrx_word' id='word_1_74' title='bbox 472 812 611 852; x_wconf 87' lang='lat' dir='ltr'>varios</span> <span class='ocrx_word' id='word_1_75' title='bbox 649 825 790 853; x_wconf 89' lang='lat' dir='ltr'>ramos</span> <span class='ocrx_word' id='word_1_76' title='bbox 827 812 982 855; x_wconf 65' lang='lat' dir='ltr'>relista.</span> 
     </span>
    </p>

    <p class='ocr_par' dir='ltr' id='par_1_7' title="bbox 179 874 1182 928">
     <span class='ocr_line' id='line_1_12' title="bbox 179 874 1182 928; baseline 0.003 -13"><span class='ocrx_word' id='word_1_77' title='bbox 179 885 253 924; x_wconf 80' lang='lat'>73.</span> <span class='ocrx_word' id='word_1_78' title='bbox 276 887 345 928; x_wconf 84' lang='lat'>74.</span> <span class='ocrx_word' id='word_1_79' title='bbox 367 886 439 925; x_wconf 92' lang='grc'>75.</span> <span class='ocrx_word' id='word_1_80' title='bbox 475 874 707 918; x_wconf 81' lang='lat' dir='ltr'>Peculiares</span> <span class='ocrx_word' id='word_1_81' title='bbox 744 875 890 918; x_wconf 81' lang='lat' dir='ltr'>foueae</span> <span class='ocrx_word' id='word_1_82' title='bbox 924 877 1182 925; x_wconf 84' lang='lat' dir='ltr'>reticulatae.</span> 
     </span>
    </p>

    <p class='ocr_par' dir='ltr' id='par_1_8' title="bbox 177 936 1583 1121">
     <span class='ocr_line' id='line_1_13' title="bbox 177 936 1580 996; baseline 0.003 -18"><span class='ocrx_word' id='word_1_83' title='bbox 177 941 250 988; x_wconf 88' lang='lat'>76.</span> <span class='ocrx_word' id='word_1_84' title='bbox 287 936 562 981; x_wconf 82' lang='lat' dir='ltr'>Continuatio</span> <span class='ocrx_word' id='word_1_85' title='bbox 596 953 694 981; x_wconf 86' lang='lat' dir='ltr'>orae</span> <span class='ocrx_word' id='word_1_86' title='bbox 730 939 836 996; x_wconf 91' lang='grc'><strong>(57.</strong></span> <span class='ocrx_word' id='word_1_87' title='bbox 859 939 963 994; x_wconf 82' lang='grc'><strong>60.)</strong></span> <span class='ocrx_word' id='word_1_88' title='bbox 999 941 1200 982; x_wconf 82' lang='lat' dir='ltr'>bifurcata</span> <span class='ocrx_word' id='word_1_89' title='bbox 1233 950 1276 981; x_wconf 92' lang='lat' dir='ltr'>et</span> <span class='ocrx_word' id='word_1_90' title='bbox 1326 939 1483 982; x_wconf 85' lang='lat' dir='ltr'>inserta</span> <span class='ocrx_word' id='word_1_91' title='bbox 1535 940 1580 982; x_wconf 89' lang='lat' dir='ltr'>in</span> 
     </span>
     <span class='ocr_line' id='line_1_14' title="bbox 300 1001 1583 1058; baseline 0.003 -15"><span class='ocrx_word' id='word_1_92' title='bbox 300 1004 498 1046; x_wconf 80' lang='lat' dir='ltr'>annulum</span> <span class='ocrx_word' id='word_1_93' title='bbox 545 1016 742 1044; x_wconf 83' lang='lat' dir='ltr'>carneum</span> <span class='ocrx_word' id='word_1_94' title='bbox 797 1003 905 1058; x_wconf 88' lang='lat'>(48.</span> <span class='ocrx_word' id='word_1_95' title='bbox 927 1001 1037 1058; x_wconf 86' lang='lat'>49.)</span> <span class='ocrx_word' id='word_1_96' title='bbox 1089 1017 1170 1058; x_wconf 87' lang='lat' dir='ltr'>qua</span> <span class='ocrx_word' id='word_1_97' title='bbox 1214 1003 1368 1045; x_wconf 85' lang='lat' dir='ltr'>cauitas</span> <span class='ocrx_word' id='word_1_98' title='bbox 1414 1005 1583 1048; x_wconf 88' lang='lat' dir='ltr'>auricu-</span> 
     </span>
     <span class='ocr_line' id='line_1_15' title="bbox 300 1066 1513 1121; baseline 0.002 -15"><span class='ocrx_word' id='word_1_99' title='bbox 300 1066 363 1107; x_wconf 90' lang='lat' dir='ltr'>lae</span> <span class='ocrx_word' id='word_1_100' title='bbox 397 1081 421 1107; x_wconf 87' lang='lat' dir='ltr'>a</span> <span class='ocrx_word' id='word_1_101' title='bbox 454 1068 624 1119; x_wconf 87' lang='lat' dir='ltr'>regione</span> <span class='ocrx_word' id='word_1_102' title='bbox 658 1079 791 1108; x_wconf 86' lang='lat' dir='ltr'>venae</span> <span class='ocrx_word' id='word_1_103' title='bbox 827 1080 952 1108; x_wconf 84' lang='lat' dir='ltr'>cauae</span> <span class='ocrx_word' id='word_1_104' title='bbox 989 1067 1199 1109; x_wconf 86' lang='lat' dir='ltr'>inferioris</span> <span class='ocrx_word' id='word_1_105' title='bbox 1232 1068 1513 1121; x_wconf 85' lang='lat' dir='ltr'>distinguitur.</span> 
     </span>
    </p>

    <p class='ocr_par' dir='ltr' id='par_1_9' title="bbox 175 1128 1578 1384">
     <span class='ocr_line' id='line_1_16' title="bbox 175 1128 1577 1187; baseline 0.001 -17"><span class='ocrx_word' id='word_1_106' title='bbox 175 1140 247 1180; x_wconf 89' lang='lat'>77.</span> <span class='ocrx_word' id='word_1_107' title='bbox 270 1139 342 1180; x_wconf 91' lang='lat'>77.</span> <span class='ocrx_word' id='word_1_108' title='bbox 364 1140 436 1179; x_wconf 91' lang='lat'>77.</span> <span class='ocrx_word' id='word_1_109' title='bbox 473 1129 597 1169; x_wconf 88' lang='lat' dir='ltr'>Rami</span> <span class='ocrx_word' id='word_1_110' title='bbox 631 1130 851 1171; x_wconf 89' lang='lat' dir='ltr'>musculofi</span> <span class='ocrx_word' id='word_1_111' title='bbox 873 1160 884 1180; x_wconf 85' lang='lat'>‚</span> <span class='ocrx_word' id='word_1_112' title='bbox 937 1132 1023 1171; x_wconf 88' lang='lat' dir='ltr'>orti</span> <span class='ocrx_word' id='word_1_113' title='bbox 1067 1145 1090 1170; x_wconf 90' lang='lat' dir='ltr'>a</span> <span class='ocrx_word' id='word_1_114' title='bbox 1134 1143 1255 1172; x_wconf 86' lang='lat' dir='ltr'>ramo</span> <span class='ocrx_word' id='word_1_115' title='bbox 1300 1128 1440 1187; x_wconf 88' lang='grc'><strong>(59.)</strong></span> <span class='ocrx_word' id='word_1_116' title='bbox 1476 1144 1577 1172; x_wconf 80' lang='lat' dir='ltr'>orae</span> 
     </span>
     <span class='ocr_line' id='line_1_17' title="bbox 296 1191 1578 1250; baseline 0.002 -18"><span class='ocrx_word' id='word_1_117' title='bbox 296 1191 421 1250; x_wconf 85' lang='lat'><strong>(56.)</strong></span> <span class='ocrx_word' id='word_1_118' title='bbox 442 1223 452 1243; x_wconf 92' lang='lat'>‚</span> <span class='ocrx_word' id='word_1_119' title='bbox 489 1194 559 1245; x_wconf 90' lang='lat' dir='ltr'>qui</span> <span class='ocrx_word' id='word_1_120' title='bbox 594 1197 813 1246; x_wconf 88' lang='lat' dir='ltr'>pennatim</span> <span class='ocrx_word' id='word_1_121' title='bbox 849 1194 935 1235; x_wconf 84' lang='lat' dir='ltr'>fere</span> <span class='ocrx_word' id='word_1_122' title='bbox 970 1194 1154 1244; x_wconf 81' lang='lat' dir='ltr'>exserti,</span> <span class='ocrx_word' id='word_1_123' title='bbox 1188 1195 1442 1248; x_wconf 85' lang='lat' dir='ltr'>peculiarem</span> <span class='ocrx_word' id='word_1_124' title='bbox 1477 1208 1578 1249; x_wconf 87' lang='lat' dir='ltr'>par-</span> 
     </span>
     <span class='ocr_line' id='line_1_18' title="bbox 296 1257 1575 1313; baseline 0.003 -16"><span class='ocrx_word' id='word_1_125' title='bbox 296 1268 414 1304; x_wconf 82' lang='lat' dir='ltr'>tem,</span> <span class='ocrx_word' id='word_1_126' title='bbox 468 1269 594 1308; x_wconf 80' lang='lat' dir='ltr'>quam</span> <span class='ocrx_word' id='word_1_127' title='bbox 648 1257 925 1300; x_wconf 80' lang='lat' dir='ltr'>musculosam</span> <span class='ocrx_word' id='word_1_128' title='bbox 977 1258 1171 1309; x_wconf 77' lang='lat' dir='ltr'>dixeri5‚</span> <span class='ocrx_word' id='word_1_129' title='bbox 1222 1258 1406 1313; x_wconf 84' lang='lat' dir='ltr'>regionis</span> <span class='ocrx_word' id='word_1_130' title='bbox 1441 1270 1575 1301; x_wconf 83' lang='lat' dir='ltr'>venae</span> 
     </span>
     <span class='ocr_line' id='line_1_19' title="bbox 296 1318 1006 1384; baseline 0.004 -24"><span class='ocrx_word' id='word_1_131' title='bbox 296 1333 420 1361; x_wconf 83' lang='lat' dir='ltr'>cauae</span> <span class='ocrx_word' id='word_1_132' title='bbox 455 1318 665 1361; x_wconf 84' lang='lat' dir='ltr'>inferioris</span> <span class='ocrx_word' id='word_1_133' title='bbox 701 1319 900 1363; x_wconf 86' lang='lat' dir='ltr'>efficiunt.</span> <span class='ocrx_word' id='word_1_134' title='bbox 999 1368 1006 1384; x_wconf 46' lang='grc' dir='ltr'><em>Ι</em></span> 
     </span>
    </p>

    <p class='ocr_par' dir='ltr' id='par_1_10' title="bbox 233 1382 1574 2076">
     <span class='ocr_line' id='line_1_20' title="bbox 233 1382 1574 1437; baseline 0.004 -13"><span class='ocrx_word' id='word_1_135' title='bbox 233 1382 300 1424; x_wconf 90' lang='lat' dir='ltr'>Vt</span> <span class='ocrx_word' id='word_1_136' title='bbox 336 1394 476 1425; x_wconf 89' lang='lat' dir='ltr'>totum</span> <span class='ocrx_word' id='word_1_137' title='bbox 528 1384 681 1425; x_wconf 88' lang='lat' dir='ltr'>atrium</span> <span class='ocrx_word' id='word_1_138' title='bbox 717 1386 759 1424; x_wconf 90' lang='lat' dir='ltr'>in</span> <span class='ocrx_word' id='word_1_139' title='bbox 796 1384 1024 1427; x_wconf 79' lang='lat' dir='ltr'>auriculam</span> <span class='ocrx_word' id='word_1_140' title='bbox 1059 1396 1100 1428; x_wconf 90' lang='lat' dir='ltr'>et</span> <span class='ocrx_word' id='word_1_141' title='bbox 1134 1387 1301 1437; x_wconf 88' lang='lat' dir='ltr'>finum,</span> <span class='ocrx_word' id='word_1_142' title='bbox 1345 1386 1454 1428; x_wconf 86' lang='lat' dir='ltr'>finus</span> <span class='ocrx_word' id='word_1_143' title='bbox 1499 1400 1574 1429; x_wconf 89' lang='lat' dir='ltr'>au-</span> 
     </span>
     <span class='ocr_line' id='line_1_21' title="bbox 294 1448 1574 1503; baseline 0.001 -14"><span class='ocrx_word' id='word_1_144' title='bbox 294 1457 382 1489; x_wconf 87' lang='lat' dir='ltr'>tem</span> <span class='ocrx_word' id='word_1_145' title='bbox 417 1461 546 1502; x_wconf 89' lang='lat' dir='ltr'>porro</span> <span class='ocrx_word' id='word_1_146' title='bbox 580 1448 623 1487; x_wconf 91' lang='lat' dir='ltr'>in</span> <span class='ocrx_word' id='word_1_147' title='bbox 659 1449 878 1501; x_wconf 89' lang='lat' dir='ltr'>regionem</span> <span class='ocrx_word' id='word_1_148' title='bbox 913 1462 1045 1489; x_wconf 87' lang='lat' dir='ltr'>venae</span> <span class='ocrx_word' id='word_1_149' title='bbox 1082 1463 1207 1493; x_wconf 89' lang='lat' dir='ltr'>cauae</span> <span class='ocrx_word' id='word_1_150' title='bbox 1252 1450 1475 1503; x_wconf 87' lang='lat' dir='ltr'>superioris</span> <span class='ocrx_word' id='word_1_151' title='bbox 1528 1459 1574 1490; x_wconf 90' lang='lat' dir='ltr'>et</span> 
     </span>
     <span class='ocr_line' id='line_1_22' title="bbox 293 1511 1573 1567; baseline 0 -14"><span class='ocrx_word' id='word_1_152' title='bbox 293 1513 532 1564; x_wconf 78' lang='lat' dir='ltr'>inferioris3</span> <span class='ocrx_word' id='word_1_153' title='bbox 567 1513 626 1552; x_wconf 89' lang='lat' dir='ltr'>ita</span> <span class='ocrx_word' id='word_1_154' title='bbox 660 1511 761 1552; x_wconf 85' lang='lat' dir='ltr'>haec</span> <span class='ocrx_word' id='word_1_155' title='bbox 806 1512 979 1552; x_wconf 82' lang='lat' dir='ltr'>tandem</span> <span class='ocrx_word' id='word_1_156' title='bbox 1014 1513 1056 1552; x_wconf 91' lang='lat' dir='ltr'>in</span> <span class='ocrx_word' id='word_1_157' title='bbox 1092 1522 1274 1566; x_wconf 87' lang='lat' dir='ltr'>quatuor</span> <span class='ocrx_word' id='word_1_158' title='bbox 1318 1522 1457 1567; x_wconf 85' lang='lat' dir='ltr'>partes</span> <span class='ocrx_word' id='word_1_159' title='bbox 1510 1513 1573 1553; x_wconf 88' lang='lat' dir='ltr'>di-</span> 
     </span>
     <span class='ocr_line' id='line_1_23' title="bbox 293 1572 1571 1631; baseline 0 -14"><span class='ocrx_word' id='word_1_160' title='bbox 293 1577 380 1617; x_wconf 83' lang='lat' dir='ltr'>vidi</span> <span class='ocrx_word' id='word_1_161' title='bbox 416 1577 576 1630; x_wconf 86' lang='lat' dir='ltr'>potest:</span> <span class='ocrx_word' id='word_1_162' title='bbox 617 1572 665 1628; x_wconf 91' lang='lat'>1)</span> <span class='ocrx_word' id='word_1_163' title='bbox 701 1575 994 1623; x_wconf 81' lang='lat' dir='ltr'>muscularem,</span> <span class='ocrx_word' id='word_1_164' title='bbox 1024 1589 1130 1630; x_wconf 87' lang='lat' dir='ltr'>quae</span> <span class='ocrx_word' id='word_1_165' title='bbox 1163 1577 1363 1631; x_wconf 86' lang='lat' dir='ltr'>proxima</span> <span class='ocrx_word' id='word_1_166' title='bbox 1398 1577 1571 1618; x_wconf 82' lang='lat' dir='ltr'>cauitati</span> 
     </span>
     <span class='ocr_line' id='line_1_24' title="bbox 295 1637 1569 1695; baseline -0.002 -14"><span class='ocrx_word' id='word_1_167' title='bbox 295 1640 530 1689; x_wconf 81' lang='lat' dir='ltr'>auriculari,</span> <span class='ocrx_word' id='word_1_168' title='bbox 551 1639 599 1680; x_wconf 86' lang='lat' dir='ltr'>ab</span> <span class='ocrx_word' id='word_1_169' title='bbox 618 1639 763 1680; x_wconf 91' lang='lat' dir='ltr'>eadem</span> <span class='ocrx_word' id='word_1_170' title='bbox 786 1653 859 1694; x_wconf 91' lang='lat' dir='ltr'>per</span> <span class='ocrx_word' id='word_1_171' title='bbox 877 1640 1058 1682; x_wconf 90' lang='lat' dir='ltr'>limbum</span> <span class='ocrx_word' id='word_1_172' title='bbox 1078 1641 1335 1681; x_wconf 89' lang='lat' dir='ltr'>eminentem</span> <span class='ocrx_word' id='word_1_173' title='bbox 1365 1638 1455 1695; x_wconf 90' lang='grc'><strong>(57.</strong></span> <span class='ocrx_word' id='word_1_174' title='bbox 1477 1637 1569 1694; x_wconf 89' lang='lat'><em>60.)</em></span> 
     </span>
     <span class='ocr_line' id='line_1_25' title="bbox 291 1701 1571 1761; baseline 0 -17"><span class='ocrx_word' id='word_1_175' title='bbox 291 1704 478 1744; x_wconf 68' lang='lat' dir='ltr'>distincta</span> <span class='ocrx_word' id='word_1_176' title='bbox 512 1703 579 1743; x_wconf 88' lang='lat' dir='ltr'>est.</span> <span class='ocrx_word' id='word_1_177' title='bbox 652 1701 706 1758; x_wconf 88' lang='lat'>2)</span> <span class='ocrx_word' id='word_1_178' title='bbox 744 1701 979 1747; x_wconf 86' lang='lat' dir='ltr'>Cutaneam</span> <span class='ocrx_word' id='word_1_179' title='bbox 1017 1704 1124 1761; x_wconf 85' lang='lat'>(79.</span> <span class='ocrx_word' id='word_1_180' title='bbox 1146 1717 1219 1754; x_wconf 90' lang='lat'>79.</span> <span class='ocrx_word' id='word_1_181' title='bbox 1245 1702 1345 1759; x_wconf 89' lang='lat'><em>80.)</em></span> <span class='ocrx_word' id='word_1_182' title='bbox 1381 1716 1485 1757; x_wconf 87' lang='lat' dir='ltr'>quae</span> <span class='ocrx_word' id='word_1_183' title='bbox 1505 1704 1571 1744; x_wconf 88' lang='lat' dir='ltr'>in-</span> 
     </span>
     <span class='ocr_line' id='line_1_26' title="bbox 291 1765 1569 1822; baseline 0 -14"><span class='ocrx_word' id='word_1_184' title='bbox 291 1776 357 1808; x_wconf 89' lang='lat' dir='ltr'>ter</span> <span class='ocrx_word' id='word_1_185' title='bbox 391 1766 666 1808; x_wconf 80' lang='lat' dir='ltr'>muscularem</span> <span class='ocrx_word' id='word_1_186' title='bbox 701 1777 743 1808; x_wconf 91' lang='lat' dir='ltr'>et</span> <span class='ocrx_word' id='word_1_187' title='bbox 776 1767 990 1810; x_wconf 86' lang='lat' dir='ltr'>valuulam</span> <span class='ocrx_word' id='word_1_188' title='bbox 1023 1768 1235 1810; x_wconf 82' lang='lat' dir='ltr'>Eustachii</span> <span class='ocrx_word' id='word_1_189' title='bbox 1271 1768 1326 1809; x_wconf 90' lang='lat' dir='ltr'>est</span> <span class='ocrx_word' id='word_1_190' title='bbox 1358 1765 1408 1822; x_wconf 80' lang='lat'>3)</span> <span class='ocrx_word' id='word_1_191' title='bbox 1430 1767 1569 1821; x_wconf 89' lang='lat' dir='ltr'>regio-</span> 
     </span>
     <span class='ocr_line' id='line_1_27' title="bbox 291 1829 1568 1888; baseline 0.002 -19"><span class='ocrx_word' id='word_1_192' title='bbox 291 1842 391 1886; x_wconf 85' lang='lat' dir='ltr'>nem</span> <span class='ocrx_word' id='word_1_193' title='bbox 424 1843 556 1871; x_wconf 83' lang='lat' dir='ltr'>venae</span> <span class='ocrx_word' id='word_1_194' title='bbox 592 1832 836 1873; x_wconf 86' lang='lat' dir='ltr'>coronariae</span> <span class='ocrx_word' id='word_1_195' title='bbox 873 1831 954 1888; x_wconf 88' lang='lat'>(81</span> <span class='ocrx_word' id='word_1_196' title='bbox 978 1856 1020 1861; x_wconf 95' lang='lat'>—</span> <span class='ocrx_word' id='word_1_197' title='bbox 1043 1829 1147 1886; x_wconf 88' lang='lat'>89.)</span> <span class='ocrx_word' id='word_1_198' title='bbox 1182 1841 1224 1873; x_wconf 90' lang='lat' dir='ltr'>et</span> <span class='ocrx_word' id='word_1_199' title='bbox 1257 1829 1311 1886; x_wconf 85' lang='lat'>4)</span> <span class='ocrx_word' id='word_1_200' title='bbox 1357 1831 1568 1872; x_wconf 90' lang='lat' dir='ltr'>orificium</span> 
     </span>
     <span class='ocr_line' id='line_1_28' title="bbox 290 1894 1568 1951; baseline 0.005 -20"><span class='ocrx_word' id='word_1_201' title='bbox 290 1904 422 1933; x_wconf 81' lang='lat' dir='ltr'>venae</span> <span class='ocrx_word' id='word_1_202' title='bbox 457 1906 580 1934; x_wconf 77' lang='lat' dir='ltr'>cauae</span> <span class='ocrx_word' id='word_1_203' title='bbox 616 1894 822 1936; x_wconf 88' lang='lat' dir='ltr'>inferioris</span> <span class='ocrx_word' id='word_1_204' title='bbox 858 1896 993 1951; x_wconf 90' lang='lat' dir='ltr'>ipsum</span> <span class='ocrx_word' id='word_1_205' title='bbox 1015 1927 1025 1946; x_wconf 83' lang='lat'>,</span> <span class='ocrx_word' id='word_1_206' title='bbox 1061 1896 1175 1950; x_wconf 89' lang='lat' dir='ltr'>quod</span> <span class='ocrx_word' id='word_1_207' title='bbox 1225 1895 1437 1937; x_wconf 80' lang='lat' dir='ltr'>valuulam</span> <span class='ocrx_word' id='word_1_208' title='bbox 1481 1895 1568 1937; x_wconf 90' lang='lat' dir='ltr'>Eu-</span> 
     </span>
     <span class='ocr_line' id='line_1_29' title="bbox 289 1955 1569 2016; baseline 0.004 -21"><span class='ocrx_word' id='word_1_209' title='bbox 289 1955 432 1996; x_wconf 81' lang='lat' dir='ltr'>stachii</span> <span class='ocrx_word' id='word_1_210' title='bbox 468 1966 508 1997; x_wconf 91' lang='lat' dir='ltr'>et</span> <span class='ocrx_word' id='word_1_211' title='bbox 541 1956 684 1998; x_wconf 82' lang='lat' dir='ltr'>foffam</span> <span class='ocrx_word' id='word_1_212' title='bbox 719 1959 886 2002; x_wconf 85' lang='lat' dir='ltr'>oualem</span> <span class='ocrx_word' id='word_1_213' title='bbox 921 1961 1185 2016; x_wconf 84' lang='lat' dir='ltr'>parietesque</span> <span class='ocrx_word' id='word_1_214' title='bbox 1207 1971 1338 2002; x_wconf 83' lang='lat' dir='ltr'>venae</span> <span class='ocrx_word' id='word_1_215' title='bbox 1358 1973 1482 2003; x_wconf 87' lang='lat' dir='ltr'>cauae</span> <span class='ocrx_word' id='word_1_216' title='bbox 1504 1960 1569 2000; x_wconf 84' lang='lat' dir='ltr'>in-</span> 
     </span>
     <span class='ocr_line' id='line_1_30' title="bbox 290 2017 1470 2076; baseline 0.007 -17"><span class='ocrx_word' id='word_1_217' title='bbox 290 2018 454 2060; x_wconf 86' lang='lat' dir='ltr'>ferioris</span> <span class='ocrx_word' id='word_1_218' title='bbox 489 2021 531 2060; x_wconf 90' lang='lat' dir='ltr'>in</span> <span class='ocrx_word' id='word_1_219' title='bbox 566 2021 605 2061; x_wconf 89' lang='lat' dir='ltr'>se</span> <span class='ocrx_word' id='word_1_220' title='bbox 638 2023 973 2076; x_wconf 88' lang='lat' dir='ltr'>comprehendit.</span> <span class='ocrx_word' id='word_1_221' title='bbox 1466 2017 1470 2022; x_wconf 61' lang='grc'><strong>’</strong></span> 
     </span>
    </p>

    <p class='ocr_par' dir='ltr' id='par_1_11' title="bbox 171 2082 1559 2139">
     <span class='ocr_line' id='line_1_31' title="bbox 171 2082 1559 2139; baseline 0.003 -13"><span class='ocrx_word' id='word_1_222' title='bbox 171 2091 243 2131; x_wconf 88' lang='grc'>78.</span> <span class='ocrx_word' id='word_1_223' title='bbox 277 2082 464 2137; x_wconf 87' lang='lat' dir='ltr'>Papilla‚</span> <span class='ocrx_word' id='word_1_224' title='bbox 498 2098 604 2139; x_wconf 83' lang='lat' dir='ltr'>quae</span> <span class='ocrx_word' id='word_1_225' title='bbox 638 2086 793 2128; x_wconf 87' lang='lat' dir='ltr'>annulo</span> <span class='ocrx_word' id='word_1_226' title='bbox 827 2100 980 2130; x_wconf 88' lang='lat' dir='ltr'>carneo</span> <span class='ocrx_word' id='word_1_227' title='bbox 1013 2087 1165 2129; x_wconf 92' lang='lat' dir='ltr'>orificii</span> <span class='ocrx_word' id='word_1_228' title='bbox 1199 2088 1341 2130; x_wconf 85' lang='lat' dir='ltr'>venofi</span> <span class='ocrx_word' id='word_1_229' title='bbox 1386 2089 1559 2139; x_wconf 83' lang='lat' dir='ltr'>insidet,</span> 
     </span>
    </p>

    <p class='ocr_par' dir='ltr' id='par_1_12' title="bbox 164 2142 1565 2329">
     <span class='ocr_line' id='line_1_32' title="bbox 164 2142 1565 2207; baseline 0.004 -21"><span class='ocrx_word' id='word_1_230' title='bbox 164 2142 167 2145; x_wconf 72' lang='grc'><strong>’</strong></span> <span class='ocrx_word' id='word_1_231' title='bbox 290 2146 522 2203; x_wconf 85' lang='lat' dir='ltr'>fibramque</span> <span class='ocrx_word' id='word_1_232' title='bbox 555 2151 752 2203; x_wconf 89' lang='lat' dir='ltr'>producit</span> <span class='ocrx_word' id='word_1_233' title='bbox 787 2150 958 2207; x_wconf 89' lang='lat'>(81.),</span> <span class='ocrx_word' id='word_1_234' title='bbox 995 2165 1100 2207; x_wconf 81' lang='lat' dir='ltr'>quae</span> <span class='ocrx_word' id='word_1_235' title='bbox 1142 2164 1225 2193; x_wconf 84' lang='lat' dir='ltr'>vna</span> <span class='ocrx_word' id='word_1_236' title='bbox 1267 2166 1362 2194; x_wconf 89' lang='lat' dir='ltr'>cum</span> <span class='ocrx_word' id='word_1_237' title='bbox 1410 2154 1565 2193; x_wconf 78' lang='lat' dir='ltr'>annulo</span> 
     </span>
     <span class='ocr_line' id='line_1_33' title="bbox 291 2211 1564 2268; baseline 0.005 -19"><span class='ocrx_word' id='word_1_238' title='bbox 291 2222 440 2252; x_wconf 85' lang='lat' dir='ltr'>carneo</span> <span class='ocrx_word' id='word_1_239' title='bbox 475 2211 488 2268; x_wconf 88' lang='lat'>(</span> <span class='ocrx_word' id='word_1_240' title='bbox 506 2211 612 2268; x_wconf 89' lang='lat'>49.)</span> <span class='ocrx_word' id='word_1_241' title='bbox 648 2224 844 2257; x_wconf 87' lang='lat' dir='ltr'>truncum</span> <span class='ocrx_word' id='word_1_242' title='bbox 879 2226 1123 2259; x_wconf 87' lang='lat' dir='ltr'>extremum</span> <span class='ocrx_word' id='word_1_243' title='bbox 1157 2229 1289 2259; x_wconf 74' lang='lat' dir='ltr'>venae</span> <span class='ocrx_word' id='word_1_244' title='bbox 1323 2214 1564 2257; x_wconf 75' lang='lat' dir='ltr'>coronariae</span> 
     </span>
     <span class='ocr_line' id='line_1_34' title="bbox 288 2275 617 2329; baseline 0.018 -16"><span class='ocrx_word' id='word_1_245' title='bbox 288 2275 617 2329; x_wconf 83' lang='lat' dir='ltr'>comprehendit.</span> 
     </span>
    </p>
   </div>
   <div class='ocr_carea' id='block_1_3' title="bbox 822 2345 1561 2395">
    <p class='ocr_par' dir='ltr' id='par_1_13' title="bbox 822 2345 1561 2395">
     <span class='ocr_line' id='line_1_35' title="bbox 822 2345 1561 2395; baseline 0 -9"><span class='ocrx_word' id='word_1_246' title='bbox 822 2345 874 2386; x_wconf 89' lang='lat' dir='ltr'>Ii</span> <span class='ocrx_word' id='word_1_247' title='bbox 911 2358 936 2384; x_wconf 86' lang='lat'><em>2</em></span> <span class='ocrx_word' id='word_1_248' title='bbox 1487 2354 1561 2395; x_wconf 89' lang='grc'>79.</span> 
     </span>
    </p>
   </div>
  </div>
 </body>
</html>
