2029 2750
879 125 995 176 »ἓξὲξ
1062 119 1264 179 )’182(
1322 122 1438 174 &103⁴-

433 250 570 284 tamen
592 235 816 279 secundum
835 247 948 277 meas
967 236 1340 281 determinationes
1369 235 1494 291 longe
1523 234 1603 277 alia
1634 235 1756 280 ratio.
1778 239 1900 282 subsi-

428 303 531 347 stere
550 301 730 343 deberet,
1622 348 1624 350 ‚
1889 317 1899 351 ζ

559 377 629 420 Ad
649 375 754 416 lianc
773 371 1052 419 obiectionem
1073 377 1284 431 sequeutia
1300 375 1529 430 respondeo
1548 389 1557 415 t

563 465 596 511 ς.
639 474 707 501 20.
777 461 921 502 Primo
954 464 1174 510 videatur,
1211 472 1466 518 quantopere
1500 461 1602 502 haec
1655 464 1764 503 ratio
1814 472 1901 510 223

435 542 458 566 a
490 523 691 580 superiori
726 526 1078 566 determinatione
1124 524 1318 564 dissideat.
1399 525 1526 567 Hunc
1563 527 1604 565 in
1640 525 1769 566 finem
1805 537 1908 568 con-

436 590 634 631 sideretur
669 587 861 628 refraetio
896 587 1063 636 media,
1115 600 1241 640 quam
1276 587 1498 630 Dollondus
1545 603 1622 642 pro
1674 591 1787 630 viti-o
1833 600 1905 629 co-

435 653 605 693 ronario
640 660 687 690 vt
711 660 844 698 1,53:
865 663 902 699 1,
938 663 1015 703 pro
1047 650 1240 704 crystallo
1275 661 1414 692 autem
1451 653 1610 704 anglica
1642 663 1689 693 vt
1730 667 1767 702 1,
1787 661 1903 702 5821

439 714 675 768 affignanit3
694 725 772 768 pro
799 714 940 765 priore
960 727 1062 767 ergo
1080 723 1167 754 erat
1194 727 1265 755 n:
1282 727 1320 764 1,
1338 727 1409 763 53,
1437 715 1548 754 vnde
1576 715 1818 757 deducimus
1847 716 1908 755 di-

438 777 692 834 spersionem
727 776 963 840 αἠΞξ-ῑα
974 778 1181 829 nlnzo,
1198 777 1371 836 2825(¹
1385 776 1482 841 ΞΖ)
1511 791 1522 829 3
1565 791 1645 832 pro
1680 780 1910 833 posteriore

441 862 581 893 autem
601 849 655 889 ob
673 861 764 889 n-
782 864 822 898 1,
838 857 892 898 58
915 848 1109 912 dispersio
1136 851 1339 906 reperitur
1367 852 1427 892 dn
1538 882 1548 901 ,
1565 881 1588 903 ο

440 939 521 987 que
541 924 648 965 ratio
677 924 784 963 inter
820 923 892 964 lias
922 923 1193 977 dispersiones
1222 925 1433 978 colligitur
1471 934 1613 976 2825:
1634 938 1754 976 3139
1775 956 1786 975 ‚
1777 885 1913 970 ‘'hoc

443 990 499 1031 est
518 988 719 1042 proxime
739 997 784 1028 vt
816 995 895 1029 28:
914 998 986 1036 31,
1017 999 1136 1042 quae
1140 988 1286 1040 vtique
1315 990 1547 1029 enormiter
1573 988 1778 1043 discrepat
1804 1004 1827 1031 a
1845 1003 1910 1030 rao

447 1054 564 1093 tione
603 1064 626 1090 2
651 1066 659 1090 ι
686 1062 709 1103 3
757 1059 799 1092 et
834 1049 951 1093 nullo
985 1050 1114 1092 modo
1148 1051 1433 1097 incertitudini
1469 1054 1752 1107 experimenti
1789 1052 1915 1098 tribui

441 1116 588 1171 potest.

455 1184 458 1188 '
577 1182 611 1229 §.
652 1191 720 1218 21.
790 1178 958 1221 Verum
1002 1181 1030 1221 fi
1066 1181 1254 1222 indolem
1288 1184 1505 1235 vtriusque
1540 1184 1637 1222 vitri
1676 1180 1915 1235 diligentius

446 1243 757 1293 examinemuS,
774 1245 894 1297 prior
912 1245 1066 1298 species
1086 1245 1306 1287 coronaria
1325 1255 1443 1285 tanto
1461 1247 1588 1299 gradu
1608 1247 1830 1286 viriditatis
1860 1244 1917 1285 est

449 1307 654 1368 praedita,
667 1316 715 1346 vt
733 1306 951 1348 manifesto
969 1308 1093 1348 radiis
1106 1308 1324 1356 extremiS,
1338 1309 1471 1349 rubris
1491 1308 1644 1352 scilicet
1655 1319 1696 1348 et
1707 1308 1918 1357 violaceis,

449 1371 668 1415 transitum
682 1372 845 1430 penitus
859 1372 1000 1424 negari
1014 1371 1147 1412 debet.
1163 1369 1274 1413 Cum
1288 1372 1414 1424 igitur
1427 1372 1468 1413 in
1483 1371 1683 1425 superiori
1696 1371 1921 1412 ratiocinio

449 1436 636 1492 express'e
654 1435 1137 1490 supposuiffem‚diuersa
1159 1435 1296 1480 ,media
1314 1436 1451 1478 radios
1472 1435 1574 1478 lucis
1597 1433 1922 1477 transmittenda

449 1499 508 1539 ita
528 1496 707 1552 perfec'te
726 1498 802 1537 esse
821 1498 1043 1553 pellucida‚
1078 1507 1126 1539 vt
1152 1498 1346 1539 omnibus
1376 1500 1499 1541 radiis
1520 1498 1758 1541 liberrimus
1779 1497 1921 1542 transi-

451 1570 517 1604 tus
537 1562 792 1604 concedatur
810 1592 821 1613 ,
857 1562 961 1603 istud
981 1563 1323 1619 experimentum
1355 1565 1537 1605 nostram
1566 1563 1813 1617 opinionem
1844 1561 1923 1605 mi-

450 1627 567 1668 nime
588 1625 807 1683 infringit,
843 1636 1068 1681 propterea
1095 1626 1209 1679 quo-d
1238 1627 1397 1669 vitrum
1426 1628 1697 1670 coronarium
1724 1626 1924 1680 vtrinque

451 1690 589 1734 radios
604 1699 832 1741 extremos,
847 1691 992 1731 rubros
1012 1690 1167 1736 scilicet
1185 1700 1225 1734 et
1238 1689 1461 1740 violaceo&
1475 1690 1585 1744 quasi
1598 1690 1796 1739 extinxit,
1811 1688 1924 1729 vnde

452 1755 540 1797 sine
559 1754 688 1795 dubio
706 1754 844 1796 multo
863 1750 1004 1799 minor
1022 1753 1257 1800 differentia
1283 1754 1393 1796 inter
1420 1755 1556 1796 radios
1585 1763 1801 1797 extremos
1826 1748 1926 1792 'astu

459 1818 718 1869 transmissos
750 1817 947 1868 resultare
977 1818 1134 1867 debuit,
1163 1831 1259 1863 cum
1290 1828 1436 1862 contra
1455 1819 1586 1858 altera
1613 1817 1765 1870 species
1786 1814 1929 1871 (flint-

457 1880 589 1937 gloſs)
609 1892 757 1936 vtpote
777 1883 949 1923 candida
976 1881 1171 1928 omnibus
1208 1882 1331 1922 radiis
1366 1881 1543 1927 liberum
1575 1881 1792 1923 transitum
1823 1890 1926 1936 con-

460 1946 633 1986 cesserit.
670 1943 741 1986 Ob
771 1948 1012 1999 qualitatem
1044 1947 1171 1999 igitur
1207 1947 1306 1986 vitri
1336 1947 1562 1995 coronarii,
1597 1958 1679 1996 qua
1707 1945 1748 1984 id
1781 1942 1926 1985 colore

459 2007 657 2048 subuiridi
686 2010 741 2048 est
771 2012 960 2057 tincium,
987 2011 1128 2055 ,omnis
1154 2010 1361 2051 dubitatio
1388 2011 1554 2064 penitus
1585 2009 1771 2057 diluitur,
1800 2016 1925 2058 atque

461 2072 568 2115 adeo
588 2071 723 2116 multo
743 2074 875 2113 maius
895 2073 1114 2115 discrimen
1135 2075 1243 2117 inter
1260 2084 1483 2126 Vtramque
1505 2070 1798 2124 dispersionem
1829 2080 1928 2122 pro-

461 2134 556 2180 duci
576 2134 721 2189 posset,
757 2135 783 2175 fi
820 2136 932 2175 vitro
951 2138 1080 2188 magis
1110 2138 1232 2177 viridi
1260 2138 1322 2175 vti
1351 2135 1636 2185 voluerimus,
1661 2131 1928 2187 quandoqui-

464 2198 560 2239 dem
580 2198 763 2246 tandem,
787 2199 814 2238 si
836 2198 915 2238 hoc
937 2200 1091 2241 vitrum
1116 2199 1258 2239 colore
1276 2199 1399 2240 viridi
1420 2197 1510 2238 satis
1543 2197 1662 2250 spisso
1683 2198 1928 2251 tingeretur,

461 2261 601 2304 omnis
636 2261 759 2316 plane
778 2261 973 2322 disperfio
1006 2262 1299 2317 euanescetct5
1357 2263 1456 2307 dum
1476 2261 1629 2305 scilicet
1649 2261 1724 2304 soli
1741 2260 1844 2303 radii
1864 2258 1926 2297 vi-

1814 2322 1922 2365 rides
