2029 2750
636 152 754 206 ”2013
818 150 959 210 >259
1007 148 1022 207 (
1074 149 1192 204 &323⁴-

335 264 445 307 Huic
481 262 712 305 Auctorurn
750 263 985 303 dissentioni
1020 272 1067 304 vt
1101 264 1282 318 aliquam
1327 261 1535 307 medelam
1586 266 1644 307 af-

184 331 290 372 ferre
325 340 367 370 et
400 330 560 373 limum
596 327 638 366 in
657 325 826 366 historia
859 327 1088 380 phorarum
1127 329 1355 382 adimplere
1388 329 1562 382 possem,
1596 342 1646 370 ea

184 406 294 436 nunc
329 393 371 432 in
406 391 590 432 medium
623 390 836 444 proferam
858 421 869 440 ,
904 403 1010 445 quae
1053 391 1160 432 mihi
1203 393 1366 433 occano
1410 406 1486 446 per
1530 405 1648 434 mare

183 458 342 500 Album
375 454 655 510 peregrinanti
692 454 857 495 obtulit.
923 454 1021 496 Hoc
1057 456 1173 497 enim
1224 465 1424 510 tanquam
1474 457 1646 511 insignis

184 519 345 564 Oceani
380 518 559 572 glacialis
596 519 718 567 smus,
753 518 907 558 crebris
942 519 1112 571 insulis,
1149 529 1220 561 aut
1253 521 1486 575 praeruptis
1522 534 1648 562 mon-

183 586 310 632 tibus,
345 583 414 623 vel
449 583 625 636 denique
660 583 716 623 sat
750 582 912 623 eleuata
946 585 1180 625 continenti
1215 586 1399 639 vndique
1443 585 1643 636 clausum,

178 650 318 690 minus
354 647 547 701 procellis
582 647 824 701 exponitur,
860 657 902 687 et
935 648 1162 702 plurimam
1198 650 1296 690 anni
1329 658 1493 703 partem
1511 649 1645 703 glacie

179 722 350 754 natante
394 711 627 761 refertum,
662 710 923 766 piscibusque
957 713 1063 751 varii
1104 715 1265 765 generis
1301 712 1512 754 abundans
1559 715 1654 767 qui-

155 788 295 820 etum
343 786 470 828 atque
520 775 678 816 lautum
729 776 900 830 praebet
944 776 1209 818 domicilium
1259 775 1407 831 phocis
1459 778 1647 819 marinis.

177 841 337 883 Earum
382 840 588 893 quaedam
632 841 781 894 quouis
827 840 923 880 anni
967 850 1159 895 tempore
1204 841 1546 894 conspiciuntur,
1598 850 1649 882 vt

177 904 317 961 phoca
350 904 526 944 vitulina
560 905 650 945 Lin.
694 904 896 958 quaedam
934 917 1018 945 non
1054 905 1127 945 nifi
1163 919 1237 959 per
1271 905 1471 955 hyemem
1507 905 1649 958 hospi-

179 980 334 1018 tantur,
369 978 414 1007 vt
448 968 584 1021 phoca
619 968 747 1008 Ruffis
782 967 979 1019 Krylatca
1011 965 1325 1023 (xpmaarmza)
1359 968 1481 1018 dicta,
1521 981 1649 1021 quae-

177 1034 275 1074 dam
328 1032 505 1084 denique
554 1032 684 1071 modo
736 1041 928 1085 tempore
981 1031 1135 1071 aestiuo
1170 1044 1269 1072 cum
1312 1031 1431 1073 fluxu
1468 1031 1647 1073 flumina

178 1097 428 1137 ascendunt,
480 1107 577 1134 cum
621 1095 785 1136 refluxu
823 1108 928 1136 vero
962 1095 1117 1135 iterum
1161 1094 1444 1143 descendunt,
1495 1104 1543 1134 vt
1593 1107 1647 1135 eo

174 1160 337 1201 facilius
382 1158 630 1212 saginentur.
699 1159 814 1199 Haec
859 1158 1093 1212 phocarum
1138 1158 1292 1214 species
1338 1158 1469 1200 Ruffis
1504 1159 1646 1213 Lepus

174 1225 361 1268 marinus
398 1221 621 1277 (Μορεκοὶἱ
656 1220 825 1276 unuh)
862 1223 988 1263 audit.

322 1286 421 1326 Non
468 1298 518 1324 ne
554 1285 673 1324 liceat
708 1285 776 1326 hic
813 1287 946 1327 statim
982 1288 1025 1327 in
1059 1288 1206 1328 limine
1240 1301 1294 1329 ex
1328 1286 1498 1328 diuerfis
1544 1287 1645 1329 anni

176 1351 451 1402 temporibus,
487 1349 633 1403 quibus
669 1349 817 1390 diuersi
854 1353 984 1392 modo
1019 1352 1115 1393 dicii
1151 1352 1386 1406 phocarum
1421 1365 1566 1405 greges
1602 1352 1646 1391 in

177 1425 266 1453 vno
301 1415 534 1466 eodemque
572 1413 677 1452 mari
715 1414 1002 1467 conspiciundi
1031 1445 1043 1464 ‚
1094 1416 1276 1457 diuersas
1327 1429 1472 1456 earum
1523 1415 1645 1455 fami-

179 1476 270 1526 lias,
307 1489 431 1531 atque
466 1478 568 1517 adeo
603 1476 758 1531 species
795 1476 1076 1518 constituere?
1111 1480 1224 1532 quod
1259 1479 1431 1533 quidem
1465 1492 1519 1520 ex
1553 1479 1646 1519 lub-

175 1553 286 1583 nexa
318 1541 594 1596 descriptione
640 1540 787 1583 clarius
821 1541 997 1596 patebit.

511 1622 605 1682 PH
615 1622 792 1681 OCA
848 1622 1303 1684 OCEANICA.

594 1715 864 1768 Kpmaamrza
897 1705 1048 1757 RussiS
1084 1705 1220 1756 dista.

347 1839 590 1891 Dimenfio
625 1842 838 1906 partium
873 1853 1187 1892 externarum
1220 1839 1281 1892 ad
1314 1837 1486 1891 scalam

742 1905 1072 1970 Anglicanam.

1330 1977 1417 2017 Ded.
1438 1976 1532 2017 Poll.
1553 1976 1567 2008 l
1585 1977 1638 2017 jn.

177 2045 247 2088 Ab
282 2046 399 2101 apice
434 2048 552 2089 rostri
591 2049 638 2090 ad
675 2060 876 2092 exortum
911 2048 1066 2104 pedum
1095 2050 1292 2091 anterior.
1361 2063 1383 2088 2
1469 2064 1485 2088 1
1578 2072 1594 2076 -

175 2132 280 2141 ——
313 2134 416 2140 —-—
449 2134 551 2141 ——-
586 2114 634 2153 ad
654 2126 890 2155 extremum
905 2116 1127 2168 pinnarum
1141 2116 1291 2169 poster.
1359 2118 1385 2152 6
1465 2125 1490 2160 7
1579 2115 1603 2147 ⁶

315 2196 416 2206 ὴ-
449 2198 550 2205 -———-
585 2178 636 2218 ad
671 2179 823 2219 caudae
859 2189 1059 2220 exortum
1127 2203 1145 2208 -
1211 2202 1229 2207 -
1360 2191 1381 2226 5
1464 2189 1487 2225 7
1576 2196 1592 2201 ·

179 2233 327 2277 Cauda
360 2238 483 2292 longa
614 2265 630 2271 -
763 2265 780 2272 —
911 2265 929 2272 -
1062 2266 1080 2273 -
1232 2266 1249 2271 -
1465 2251 1484 2286 5
1578 2249 1598 2284 3

344 2299 426 2341 lata
557 2327 575 2333 -
705 2330 723 2337 ,
875 2329 891 2335 -
1025 2330 1041 2336 -
1178 2329 1193 2333 -
1302 2269 1309 2344 ¹
1353 2324 1370 2330 -
1459 2315 1482 2340 2
1573 2323 1590 2328 -

846 2369 990 2410 Kk2
1511 2367 1513 2369 ’
1563 2363 1642 2405 Per
