2029 2750
629 91 744 143 »2023
811 88 825 147 )
864 104 948 143 :³41
989 89 1004 148 (
1069 91 1185 143 ἓὶσὲω

174 219 273 250 nem
308 203 551 247 Letstoribus
574 203 870 245 Astronomiae
890 206 1073 254 curiofis,
1110 208 1192 248 iam
1215 206 1377 248 tradere
1397 210 1558 251 animus
1577 213 1647 254 est.

173 272 287 312 Ante
308 272 450 311 omnia
471 270 597 323 igitur
617 281 667 307 ne
687 268 961 308 frustraneum
984 271 1149 322 prorsus
1173 271 1419 326 susciperem
1443 274 1645 324 laborem,

173 337 360 391 primum
415 334 642 374 tentamine
677 331 786 372 facio
822 332 905 385 ipse
940 334 1161 386 explorare
1199 337 1422 387 constitui,
1475 352 1524 378 an
1563 351 1648 378 non

173 400 308 442 orbita
343 397 584 440 Parabolica
618 396 797 436 inueniri
834 397 992 450 posset,
1030 410 1136 451 quae
1173 400 1302 439 tribus
1341 402 1653 443 obseruationi-

172 465 246 505 bus
282 462 403 502 huius
441 458 645 500 Cometae
683 459 942 509 satisfaceret,
977 475 1155 515 quarum
1176 463 1311 504 binae.
1333 476 1537 517 qnantum
1557 466 1650 506 fieri

172 527 314 583 poffet,
350 526 549 577 vtrinque
585 538 607 564 a
642 523 852 565 Perihelio
887 536 1005 566 erant
1041 537 1243 576 remotae,
1282 530 1405 570 tertia
1427 543 1528 570 vero
1549 543 1650 584 pro-

171 605 221 646 pe
257 590 391 643 ipsum
429 599 593 642 tempus
628 588 822 629 Perihelii
858 589 1066 642 instituta3
1118 602 1163 632 at
1199 605 1303 633 mox
1340 594 1532 648 perspexi
1568 594 1645 634 hu·

171 654 354 696 iusmodi
407 653 589 693 orbitam
641 652 925 694 Parabolicam
964 655 1076 695 nulla
1112 657 1276 697 ratione
1312 658 1492 698 inueniri
1522 659 1647 713 posse-

172 717 440 771 Computum
488 718 613 770 igitur
656 716 778 758 huius
825 715 1032 759 Cometae
1081 720 1124 759 iu
1171 721 1306 761 orbita
1340 722 1541 776 Elliptica
1577 723 1649 762 ad-

169 783 386 837 gressurus,
423 782 671 835 praeprimis
708 781 814 822 mihi
850 783 1125 835 cogitandum
1160 795 1249 825 erat
1271 787 1322 826 de
1341 786 1531 840 eligenda
1553 786 1649 827 Me-

171 847 318 895 thodo,
354 846 451 887 huic
488 846 677 886 instituto
713 857 820 900 apta,
856 847 1092 888 existimaui
1123 859 1263 890 autem
1299 852 1374 890 vix
1411 851 1532 891 aliam
1568 863 1649 905 pro

169 911 372 983 praesenti
409 912 571 951 ratione
607 911 947 952 commodiorem
983 912 1080 965 eligi
1116 913 1242 966 posse,
1279 928 1405 967 qnam
1441 915 1555 955 illam
1576 928 1650 955 cu-

170 977 233 1016 ius
270 976 404 1015 ideam
441 974 632 1014 exhibuit
668 974 793 1014 lllust.
829 975 1003 1014 Eulerus
1038 977 1080 1013 in
1118 975 1191 1014 ΠΙ.
1230 976 1351 1016 Parte
1392 979 1551 1031 egregii
1588 978 1649 1020 sui

170 1036 325 1094 Operis
347 1039 395 1078 de
416 1036 596 1078 Cometa
619 1036 674 1077 A.
701 1041 834 1086 1769.
891 1034 1088 1077 Consistit
1106 1050 1210 1078 vero
1229 1039 1331 1080 haec
1351 1041 1581 1083 Methodus
1602 1043 1648 1081 in

170 1116 236 1152 eo,
256 1113 303 1143 vt
322 1102 349 1142 si
372 1103 484 1141 inter
502 1100 723 1141 Elementa
744 1093 962 1149 Cometae,
987 1101 1139 1153 pofitio
1159 1103 1257 1142 nodi
1278 1112 1318 1142 et
1340 1104 1558 1144 inclinatio
1576 1118 1649 1145 or-

168 1166 278 1206 bitae
315 1166 513 1220 proxime
549 1163 690 1204 saltem
726 1162 958 1203 habeantur
992 1165 1196 1217 cognita,
1231 1165 1394 1221 reliqua
1428 1169 1516 1209 eius
1545 1169 1645 1210 Ele-

169 1238 312 1272 menta
355 1242 435 1281 ope
482 1227 610 1267 trium
655 1226 998 1269 obseruationum
1034 1229 1381 1272 determinentur.
1450 1232 1644 1275 Primum

169 1294 284 1334 enim
320 1304 375 1331 ex
410 1291 514 1330 datis
550 1289 651 1330 loco
684 1291 782 1331 nodi
817 1301 858 1331 et
894 1292 1166 1334 inclinatione
1201 1294 1378 1346 orbitae,
1421 1309 1500 1351 pro
1535 1310 1646 1339 vno-

170 1368 338 1411 quoque
382 1354 479 1394 loco
525 1351 734 1396 Cometae
779 1352 1093 1406 Geocentrico,
1145 1358 1324 1400 inueniri
1359 1362 1494 1414 potest
1529 1362 1646 1403 elon-

168 1420 282 1474 gatio
336 1416 540 1459 cometae
592 1417 892 1460 heliocentrica
944 1435 966 1460 a
1001 1420 1162 1472 Nodo,
1214 1425 1277 1463 vti
1323 1425 1450 1465 etiam
1496 1427 1647 1467 distan-

169 1484 227 1524 tia
262 1483 348 1523 eius
383 1496 407 1522 a
441 1480 562 1530 Sole,
598 1481 723 1536 idque
760 1482 844 1522 fiue
879 1496 927 1524 ea
961 1485 1146 1535 ratione,
1197 1499 1324 1540 qnam
1361 1488 1485 1529 Illust.
1527 1490 1644 1531 Eule-

170 1560 241 1589 rus
272 1547 368 1587 loco
403 1546 533 1586 modo
569 1546 698 1586 citato
736 1546 918 1597 tradidit,
956 1548 1037 1588 fine
1071 1549 1196 1590 etiam
1234 1563 1315 1604 ope
1350 1550 1644 1606 formularum,

171 1624 273 1665 quas
310 1609 483 1664 exposui
520 1609 562 1648 in
599 1609 911 1651 Schediasmate
945 1610 1043 1652 huic
1079 1611 1306 1654 Volumini
1341 1615 1550 1656 Actorum
1579 1619 1644 1658 in-

170 1675 278 1716 serto
328 1675 378 1715 de
428 1673 525 1713 loco
570 1672 884 1715 Heliocentrico
921 1673 1126 1717 Cometae
1162 1690 1215 1718 ex
1253 1676 1539 1720 Geocentrico
1567 1681 1641 1722 de-

169 1738 372 1779 ducendo.
441 1736 627 1776 lnuentis
663 1750 766 1778 vero
802 1738 854 1778 fic
890 1739 1020 1780 tribus
1057 1740 1390 1795 elongationibus
1427 1757 1450 1783 a
1481 1742 1643 1796 Nodo,

169 1814 253 1842 vna
288 1814 383 1841 cum
420 1799 621 1841 distantiis
659 1815 681 1841 a
715 1800 811 1843 Sole
846 1803 939 1857 ipfis
975 1802 1341 1858 respondentibus,
1374 1819 1448 1861 per
1481 1806 1642 1850 formu-

168 1865 226 1906 las
263 1865 312 1905 ab
347 1863 473 1904 lllust.
508 1864 654 1906 Eulero
691 1867 860 1906 traditas
881 1897 891 1916 ‚
944 1868 1217 1911 inueniuntur
1261 1881 1497 1924 parameter
1531 1872 1644 1913 orbi-

171 1939 252 1978 tae,
289 1929 599 1979 excentricitas,
635 1929 850 1984 elongatio
884 1931 1080 1972 Perihelii
1115 1949 1137 1973 a
1171 1932 1324 1985 Nodo,
1362 1945 1538 1989 tumque
1573 1938 1644 1978 de-

171 2007 291 2034 mum
328 1992 462 2046 ipsum
498 2003 663 2048 tempus
698 1994 916 2035 Perihelii
963 1996 1076 2049 quod
1112 2007 1276 2052 tempus
1312 2012 1365 2039 ex
1401 2000 1531 2040 tribus
1567 2001 1643 2041 ob-

172 2057 472 2097 seruationibus
508 2057 745 2099 deriuatum
767 2089 776 2107 ,
813 2059 924 2099 idem
960 2061 1128 2113 prodire
1163 2063 1309 2113 debet,
1354 2063 1382 2104 ss
1418 2063 1640 2117 longitudo

172 2116 288 2160 Nodi
323 2131 363 2161 et
399 2121 613 2162 inclinatio
649 2122 808 2163 orbitae
842 2125 920 2163 rite
947 2123 1100 2164 fuerint
1123 2126 1424 2179 determinata3
1459 2128 1515 2166 sm
1536 2139 1638 2167 vero

172 2182 255 2223 hoc
290 2184 425 2227 minus
446 2186 624 2237 eueniat,
660 2200 734 2243 per
767 2186 881 2228 falsas
917 2188 1142 2241 positiones
1164 2191 1392 2244 detegetur,
1430 2199 1638 2244 quantum

880 2251 973 2293 Vv
1011 2264 1034 2301 3
1516 2253 1634 2296 locus
