2029 2750
614 126 732 178 »2⁶3
791 122 804 182 )
844 121 988 181 ²0⁵1&
1047 123 1167 184 2³2ss

287 240 321 289 θ’.
364 250 432 280 10.
498 237 657 279 Necron
690 236 770 276 hoc
807 236 1213 286 modocollectum,
1251 235 1619 291 no‚n2depuratum‚

158 305 313 346 virtute
339 303 388 342 ad
416 302 660 353 depuratum
679 299 828 338 eodem
846 298 974 350 gradu
994 299 1151 347 accedit
1170 329 1186 348 ‚,
1216 314 1303 353 quo
1322 302 1463 353 iniquus
1478 302 1617 355 iuqui-

162 377 304 408 natum
339 365 394 405 est
413 393 424 412 ‚
459 362 525 404 sed
559 361 776 409 alcalinam
805 371 993 402 naturam
1025 361 1183 415 semper
1211 365 1378 419 prodit,
1414 365 1619 416 vndenaae

158 430 285 474 trosae
302 429 470 468 lacunae
488 424 605 464 facile
626 424 674 464 ab
694 426 741 465 iis
762 438 866 478 quae
886 424 1029 478 salibus
1051 427 1205 467 neutris
1223 423 1388 468 roridae
1412 427 1522 479 linit,
1552 430 1614 470 di-

158 493 425 546 stinguuntur.
499 487 717 529 Solutione
747 490 787 528 in
817 501 923 542 aqua
941 500 1063 542 atque
1083 489 1306 532 filtratione
1325 491 1375 532 ab
1393 494 1516 543 omni,
1530 503 1613 535 ter·

157 569 230 597 reo
256 552 439 608 squalore
468 551 584 592 facile
616 552 854 605 deputatur.
924 550 1045 592 Reses
1072 554 1115 598 in
1140 552 1253 594 filtro
1278 555 1405 606 limus
1433 566 1526 608 tum
1544 557 1616 609 vel

155 630 274 659 arena
294 647 304 665 ,
341 617 532 656 micaccis
563 615 676 669 saepe
705 615 916 668 particulis
938 617 1063 669 nigris
1082 618 1264 659 remixta
1282 649 1292 667 ‚
1330 619 1531 674 simulque
1550 635 1614 663 arn.

152 681 250 734 gilla
276 682 439 721 cinerea
469 679 533 719 vel
561 679 677 727 alba,
721 679 927 719 interdum
953 690 993 719 et
1012 679 1165 720 humus
1181 681 1257 721 effe
1276 682 1611 736 deprehenditur-

153 743 328 798 Semper
357 756 524 796 quoque
552 743 710 784 accedit
734 743 876 796 portio
895 742 1099 782 calcareae
1119 744 1185 789 vel
1201 745 1376 798 gypseae
1395 749 1612 799 materiae,

152 808 376 863 saepissime
405 808 616 859 Vtriusque
636 836 654 855 „
681 807 955 860 proportione
984 804 1209 856 secundum
1229 808 1372 848 locum
1392 839 1404 858 ,
1439 809 1610 864 salisque

154 873 292 912 neutri
312 902 322 920 ‚
360 870 472 923 quod
505 870 669 910 Natron
707 870 963 919 comitatur,
1000 880 1204 921 naturam.
1272 870 1361 921 Vbi
1389 874 1611 926 muriatico

155 935 224 976 sali
264 934 501 975 adiunctum
537 935 592 974 est
613 964 623 983 ‚
658 934 748 987 plus
784 933 905 973 calcis
927 964 939 983 ,
973 932 1041 973 vbi
1072 931 1352 987 Glauberiano
1370 934 1452 976 Sali
1473 966 1483 986 ,
1518 936 1611 990 plus

150 1000 326 1052 gypseae
353 997 604 1050 impuritatis
633 997 738 1037 adest
758 1026 770 1044 ,
804 1009 907 1049 quae
927 996 1136 1049 interdum
1156 999 1345 1049 octauam
1366 1030 1377 1050 ‚
1412 1001 1503 1040 imo
1521 998 1612 1042 sex-

150 1072 239 1105 tam
267 1061 396 1102 totius
423 1060 618 1113 ponderis
647 1058 772 1109 efficit
793 1069 971 1113 partem.
1038 1059 1204 1101 Natron
1224 1061 1356 1116 ipsum
1375 1063 1500 1117 paulo
1517 1063 1612 1118 plus

150 1137 280 1178 aquae
307 1135 385 1178 pro
414 1122 622 1164 solutione
654 1124 829 1175 requirit
849 1153 861 1172 ,
895 1137 1019 1176 quam
1039 1122 1107 1165 Sal
1126 1125 1324 1167 mirabilis
1345 1157 1357 1177 ‚
1391 1126 1612 1179 multoque

148 1187 241 1243 plus
270 1200 396 1241 quam
417 1184 486 1226 831
514 1187 755 1227 muriaticus
776 1199 787 1237 3
821 1187 998 1240 ideoque
1016 1197 1138 1229 cauta
1157 1199 1200 1229 et
1218 1189 1333 1231 lenta
1367 1189 1610 1242 crystaflisa-

148 1243 264 1292 tione
292 1251 343 1290 ab
370 1250 569 1289 admixtis
588 1249 701 1290 hisce
718 1249 863 1290 salibus
883 1251 972 1290 latis
992 1250 1185 1303 depurari
1205 1254 1342 1306 potest
1360 1266 1372 1306 ;
1406 1253 1506 1294 dum
1522 1254 1610 1309 pri2

151 1328 225 1355 mo
258 1313 328 1354 Sal
363 1312 593 1361 mirabilis,
629 1313 778 1353 deinde
812 1311 996 1366 Natrum
1018 1344 1028 1363 ,
1063 1314 1243 1369 denique
1270 1316 1339 1357 Sal
1362 1318 1609 1361 muriaticus

149 1379 191 1418 in
229 1376 444 1429 crystallos
478 1379 665 1425 co'e'unt,
711 1376 856 1417 relieto
890 1370 1043 1417 lixffiio
1077 1376 1171 1420 Sale
1208 1379 1458 1435 imperfesto
1490 1383 1610 1442 graui

149 1439 465 1495 (wurteuauge).
530 1439 725 1481 Maxime
752 1439 823 1480 Sal
850 1441 1099 1481 muriaticus
1125 1441 1200 1482 hac
1228 1445 1296 1483 via
1322 1445 1533 1497 puriffime
1550 1445 1610 1487 se-

149 1505 272 1545 cedit.
342 1501 489 1557 Quum
518 1504 710 1558 regiones
739 1503 901 1543 nostrae
917 1502 1060 1544 Narro
1078 1507 1265 1557 maxime
1284 1505 1494 1549 abundent
1512 1538 1523 1558 ‚
1558 1509 1609 1550 ad

146 1567 240 1608 vsus
259 1568 557 1608 oeconomicos
578 1565 752 1608 sufficiet
769 1597 780 1616 ,
816 1566 843 1606 sl
862 1567 1010 1608 eodem
1031 1569 1173 1619 modo,
1209 1583 1254 1610 ac
1274 1571 1315 1610 in
1335 1569 1426 1612 Sale
1446 1571 1608 1613 cathar-

154 1633 242 1672 tico
261 1630 574 1671 Astrachanenfi
596 1641 639 1671 et
655 1630 835 1671 Sibirico
856 1630 946 1671 fieri
966 1631 1069 1672 solet
1082 1663 1092 1681 ‚
1127 1634 1169 1672 in
1189 1634 1463 1688 depuratione
1479 1635 1607 1676 Natri

154 1694 280 1736 terrei
305 1695 494 1734 maxime
521 1695 712 1749 impuri,
745 1693 930 1735 Natrum
957 1696 1118 1749 primae
1152 1697 1498 1749 crystallifiationis
1518 1729 1528 1749 ,
1562 1700 1608 1739 in

147 1759 349 1812 puriore,
381 1759 544 1811 primae
578 1767 701 1811 atque
735 1757 931 1800 secundae
952 1789 965 1809 ‚
997 1761 1041 1799 in
1076 1760 1170 1801 vsus
1203 1762 1466 1815 secernatur3
1511 1762 1607 1805 reli-

148 1833 279 1874 quum
315 1833 442 1862 omne
478 1824 521 1861 in
554 1822 718 1862 lacunas
747 1821 861 1863 salsas
891 1822 942 1862 ad
971 1837 1129 1865 nouum
1151 1824 1278 1867 Natri
1294 1827 1607 1878 incrementum

147 1884 405 1925 refundatur.
474 1883 537 1925 Vt
564 1886 791 1926 accuratius
815 1886 1117 1928 determinetur
1133 1891 1355 1943 proportio
1372 1890 1497 1931 Natri
1516 1889 1607 1935 sali.-

148 1948 222 1988 bus
263 1949 408 1988 terreis
444 1948 655 1988 cum-‚dam
694 1951 874 2003 regionis
903 1951 1124 2001 eliciendi,
1160 1954 1338 2004 omnino
1366 1955 1535 2008 quidem
1555 1956 1605 1995 ad

151 2009 353 2052 Chemiae
388 2011 635 2052 sublimioris
660 2013 865 2066 processus
904 2016 1204 2056 recurrendum
1238 2018 1306 2057 est.
1371 2017 1606 2072 Adeoque,

149 2075 257 2115 inter
291 2074 387 2114 alias
422 2076 509 2115 vias
542 2075 704 2115 acidum
725 2074 999 2118 Vitriolicum
1029 2078 1265 2120 secernendi
1285 2095 1308 2120 a
1329 2081 1490 2123 refiduo
1508 2095 1606 2132 cry—

151 2137 418 2180 stallis-ationis
437 2169 449 2185 ,
484 2137 812 2192 sulphurificatio
841 2153 938 2181 cum
967 2141 1201 2192 carbonum
1216 2143 1415 2198 puluere,
1453 2145 1603 2192 satura-

153 2201 216 2247 tio,
246 2213 319 2251 per
344 2212 507 2246 acetum
527 2233 538 2251 ‚
573 2203 743 2256 eiusque
762 2204 949 2257 expulsio
968 2219 1043 2259 per
1061 2207 1378 2251 destillationem
1397 2208 1462 2248 vel
1481 2206 1602 2249 calci-

152 2262 394 2315 nationcm3
426 2278 504 2319 pro
532 2264 781 2321 segregando
800 2267 1041 2316 acidoSalis
1062 2300 1072 2320 ,
1109 2271 1323 2312 translatio
1342 2268 1464 2310 Natri
1484 2301 1494 2319 ‚
1529 2283 1602 2329 per

855 2329 889 2371 C
911 2344 930 2370 c
971 2344 993 2380 3
1522 2334 1603 2374 aci-
