2029 2750
567 149 694 207 '‘3525ss
742 149 947 212 ‡)11:;7·'(
996 149 1124 202 ᾖξ’-εξ..

254 271 504 326 Depuramm
533 262 884 305 contra‘Naermn
913 264 1031 302 odore
1059 270 1185 300 caret.
1206 258 1366 314 Gustum
1388 257 1511 308 habet
1523 257 1585 296 ab

129 338 309 380 calinum
332 365 341 382 ,
378 334 512 373 minus
541 341 678 369 acrem
707 327 825 367 alcali
852 323 1101 379 vegetabili,
1138 325 1252 363 cuius
1273 331 1481 363 caeterum
1501 320 1587 374 plo—

128 411 272 453 rasque
291 395 567 451 proprietates
586 391 769 446 poffidet.
839 389 1028 430 Soluitur
1046 389 1089 427 in
1107 386 1257 440 triplo,
1294 384 1516 438 aliquando
1543 384 1588 424 in

131 462 257 517 duplo
285 460 370 501 fere
398 457 580 510 pondere
611 467 739 508 aquae
760 484 770 503 ,
805 453 1005 506 facileque
1033 460 1201 505 generat
1217 448 1420 505 crystallos
1439 479 1450 498 ‚
1485 459 1590 501 quo-

131 539 224 568 rum
258 535 348 578 pars
385 519 607 561 secundum
644 519 822 573 parietes
854 517 970 569 supra
996 516 1211 556 solutionis
1240 512 1502 568 superficiem
1521 511 1590 552 ad-

131 589 297 630 scendit.
367 584 555 639 Caeystalli
582 584 775 623 oriuntur
792 580 1085 634 pelluciditatis
1106 591 1260 632 aqueae
1279 607 1290 626 ‚
1325 576 1485 617 formae
1504 576 1593 630 ple—

131 663 307 704 rumque
326 649 598 702 prismatico-
612 645 918 698 multangulae‚
953 643 1222 683 extremitate
1240 640 1408 694 oblique
1428 650 1593 680 trunca-

118 724 226 764 tae,
262 713 484 766 aliquando
519 710 589 751 sub
622 708 874 758 rhombcae·‚
920 708 1132 747 interdum
1167 705 1342 745 aciculas
1378 713 1420 744 et
1455 703 1594 744 radios

132 778 243 832 quali
272 776 471 817 referunt.
541 774 654 814 Haec
673 771 884 814 diuersitas
905 783 990 811 non
1009 769 1146 809 solum
1163 769 1208 807 in
1225 767 1364 808 Natro
1382 767 1597 820 purissimo

131 844 344 882 variarum
364 841 586 893 regionum
601 846 773 877 notatur
792 867 801 885 ,
838 835 904 876 sed
923 835 1049 875 etiam
1070 835 1113 872 iu
1132 832 1284 872 eodem
1303 831 1433 870 trastu
1452 830 1595 871 localis

134 906 202 946 est.
273 903 491 958 Quaedam
530 901 705 953 crystalli
741 899 930 940 natrosae
957 899 999 938 in
1027 896 1206 937 humido
1231 899 1323 936 aere
1346 892 1596 942 humefiunt,

136 979 177 1011 et
211 969 393 1023 pondere
430 974 659 1020 augentur,
694 963 758 1004 sed
790 974 1003 1014 nunquam
1030 961 1276 1013 liquescunt.
1344 957 1598 1010 Plerumque

123 1037 232 1074 ‘ae're
261 1039 497 1084 temperato
524 1030 565 1068 in
594 1027 811 1081 puluerem
830 1025 991 1066 semfim
1011 1023 1205 1064 fatiscunt
1224 1053 1236 1073 ,
1271 1021 1600 1072 subtilissimum,

139 1095 398 1137 abbiffimum
418 1123 430 1142 ‚
465 1101 599 1133 cretae
626 1090 854 1130 farinaceae
882 1088 1058 1130 similem
1077 1119 1088 1137 ‚
1123 1086 1326 1140 simulque
1353 1085 1478 1140 paulo
1506 1084 1600 1138 plus

122 1160 312 1214 septima
330 1166 445 1211 parte
466 1156 662 1210 ponderis
681 1155 892 1194 amittunt.
960 1151 1003 1193 Si
1022 1153 1160 1193 denuo
1180 1164 1285 1205 aqua
1301 1149 1483 1191 soluatur
1512 1147 1601 1188 Na-

124 1233 250 1264 ·trum
270 1225 311 1262 in
331 1221 548 1275 puluerem
584 1218 809 1259 resolutum
829 1248 840 1266 ,
874 1216 1110 1270 pauxillum
1147 1225 1280 1255 terrae
1316 1213 1521 1254 calcareae
1555 1212 1602 1251 in

139 1287 272 1328 fundo
289 1294 508 1332 remanet3
542 1284 690 1322 iterata
724 1289 814 1320 tum
849 1279 1186 1331 crystallisatioue
1206 1307 1217 1329 ‚
1252 1278 1404 1331 prioris
1438 1275 1601 1316 formae

142 1350 350 1406 prodeunt
379 1346 556 1398 crystalli
593 1356 632 1385 et
667 1344 910 1384 tantundem
945 1356 1105 1397 aquae,
1141 1350 1343 1396 quantum
1378 1339 1604 1380 fatiscendo

145 1413 364 1454 amiserant
384 1441 395 1461 ‚
430 1411 622 1450 retinent.
689 1407 737 1448 In
758 1407 909 1460 tigillo
944 1404 1011 1447 seu
1047 1407 1097 1447 ad
1130 1408 1272 1459 ignem
1293 1404 1496 1457 lampadis
1515 1415 1604 1443 non

144 1475 362 1531 spumescit
381 1506 390 1520 ,
426 1475 487 1513 vti
506 1473 645 1513 Borax
668 1501 678 1520 ‚
715 1483 845 1524 neque
862 1469 1027 1523 liquefit
1044 1500 1055 1519 ‚
1091 1469 1163 1508 nifi
1182 1469 1401 1521 postquam
1420 1467 1516 1519 igne
1533 1479 1603 1506 ru-

144 1542 245 1581 buit.
280 1539 468 1580 Humido
487 1538 571 1577 aei-i
591 1535 679 1588 post
708 1534 833 1574 talem
853 1533 1168 1574 calcinatiouem
1199 1531 1438 1585 expofitum
1465 1530 1605 1570 denuo

145 1605 322 1646 humore
349 1601 534 1642 resorbto
561 1598 723 1653 pondus
759 1597 874 1637 suum
912 1607 1063 1650 auget,
1099 1606 1284 1636 attamen
1320 1607 1404 1634 non
1440 1593 1603 1646 magis,

146 1681 269 1722 quam
288 1669 404 1720 prius
425 1696 436 1714 ,
471 1663 688 1717 liquescit,
724 1659 789 1702 sed
808 1661 897 1714 post
916 1660 1085 1714 aliquod
1113 1669 1279 1712 tempus
1309 1660 1413 1698 item
1440 1657 1483 1695 in
1512 1655 1605 1709 pul-

145 1744 290 1772 verem
312 1729 520 1770 dilabitur.

274 1796 307 1843 §-
334 1805 401 1841 13.
470 1790 647 1832 Natrum
674 1791 917 1844 purtffimum
954 1801 1060 1843 aqua
1095 1788 1274 1829 solutum
1295 1816 1306 1834 ,
1340 1798 1362 1826 e
1398 1785 1606 1825 solutione

151 1857 266 1898 alcali
284 1855 522 1909 vegetabilis
544 1854 818 1894 sedimcntum
841 1854 1000 1894 nullum
1037 1852 1286 1907 praecipitat
1303 1879 1314 1899 ‚
1350 1861 1483 1903 neque
1518 1858 1607 1889 tur-

148 1922 290 1961 bidum
311 1919 444 1960 reddit
461 1918 670 1971 liquorem
689 1930 700 1969 3
735 1917 945 1969 crystallos
965 1930 1071 1957 vero
1086 1915 1274 1969 proprias
1296 1922 1432 1953 mutat
1449 1943 1460 1962 ,
1497 1924 1606 1966 quae

148 1984 446 2037 enaporatione
465 1981 647 2022 instituta
666 1980 845 2021 turbidas
865 1991 988 2034 atque
1007 1979 1265 2034 imperfectas
1287 1975 1325 2017 se
1343 1977 1484 2017 fistunt
1502 1988 1514 2027 3
1548 1984 1608 2016 at-
1671 1973 1674 1977 ’

150 2059 287 2088 tamen
307 2047 334 2086 fi
354 2045 469 2086 alcali
488 2044 728 2097 vegetabilis
750 2057 833 2084 non
857 2044 946 2098 pius
966 2055 1092 2098 quam
1113 2050 1260 2095 quarta
1276 2053 1368 2094 pars
1396 2040 1607 2093 ponderis,

153 2111 385 2151 admixtum
406 2109 452 2149 fit
471 2139 482 2158 ‚
518 2109 560 2148 in
579 2112 677 2150 a'e're
692 2107 1019 2162 non-liquefiunt
1037 2138 1053 2158 ,-
1083 2118 1217 2159 neque
1249 2116 1358 2145 vero·
1387 2105 1435 2143 in·
1465 2102 1607 2157 pulue-

155 2185 243 2212 rem
262 2172 462 2212 fatiscunt.

283 2234 319 2273 E
337 2234 476 2275 Natro
492 2266 503 2285 ‚
539 2236 652 2289 quod
670 2236 748 2277 sale
768 2245 917 2278 neutro
937 2236 1160 2276 muriatico
1179 2233 1443 2287 inquinatum
1460 2229 1515 2270 est
1528 2258 1538 2277 ‚
1568 2236 1610 2267 et

159 2311 180 2340 e
199 2306 324 2340 natm
336 2296 512 2340 fontano
527 2328 540 2350 ,
573 2299 838 2356 scaturiginis
852 2300 1079 2342 medicatae
1096 2310 1229 2355 prope
1257 2294 1479 2350 sareptam
1496 2322 1507 2343 2
1541 2288 1612 2330 ⁸⁸⁶¹

1555 2364 1616 2398 ex
