2029 2750
591 138 705 190 ·>2033
771 135 963 194 last(
1029 135 1145 189 ἓὶαὲω

235 257 537 302 0,085⁶4290;
572 255 874 301 0,0855435;
911 258 1216 302 0,0823411·,
1252 254 1554 302 0,0774660‚

137 327 207 380 qui
254 327 434 366 multum
482 339 504 364 a
537 324 825 378 progressione·
866 322 1156 364 Arithmetica
1201 325 1414 365 abludunt.
1492 326 1606 367 Fierin

135 391 262 444 igitur
295 390 440 442 vtique
475 387 630 441 potest,
677 396 724 427 vt
758 387 921 427 valores
958 387 1219 440 reliquorum
1265 388 1604 438 Elementorum,

134 454 177 493 in
213 452 348 493 nostra
381 450 547 492 Tabula
565 449 776 491 valoribus
807 450 889 491 loci
919 451 1036 492 Nodi
1064 461 1106 491 et
1126 451 1417 491 inclinationes
1439 465 1607 492 accom-

133 517 305 565 modati,
360 527 442 554 non
495 514 661 570 prorsus
713 516 860 555 exae‘te
907 515 944 555 se
981 515 1191 565 habeant,
1243 525 1285 555 et
1328 515 1426 555 licet
1470 516 1606 555 forsan

133 579 316 632 quodam
371 577 552 618 artificio
603 578 874 631 interpolatio
928 579 1025 619 huic
1062 579 1253 619 instituto
1289 580 1610 619 accommodata

116 643 314 682 inueniri
367 642 574 695 potuerit,
626 653 762 682 tamen
817 642 922 683 hanc
975 655 1149 697 operam
1187 642 1389 696 suscipere
1427 644 1605 683 minime

133 707 397 746 necessarium
433 705 661 754 duximus,
698 707 794 759 quia
830 706 942 746 hisce
978 707 1146 746 calculis
1185 706 1288 746 nihil
1325 707 1504 759 amplius
1542 708 1606 746 in-

132 770 340 810 tendimus
362 800 371 816 ,
422 782 548 821 quam
584 779 630 809 vt
665 782 741 823 pro
777 770 872 809 loco
909 769 1025 810 Nodi
1059 780 1100 810 et
1137 770 1408 810 inclinatione
1444 772 1606 811 orbitae

132 833 293 872 valores
346 834 542 886 proxime
594 845 716 873 veros
768 833 1072 886 detegeremus.
1142 834 1278 874 Huius
1333 846 1475 874 autem
1513 835 1606 874 voti

132 907 350 949 compotes
388 909 462 936 nos
498 896 624 936 fastos
660 896 788 946 fuisse,
824 899 899 936 vix
934 898 1106 937 dubium
1142 899 1218 938 ess'e
1256 899 1410 950 potest,
1448 898 1475 937 fi
1511 911 1606 950 per-

131 961 336 1013 pendatur
387 973 558 1000 omnem
611 961 951 1000 incertitudinem
997 973 1102 1012 quae
1147 961 1261 998 circa
1296 960 1437 1007 locum
1475 959 1613 1009 Nodi,

131 1023 169 1063 se
203 1024 374 1077 prodit,
427 1025 468 1062 in
514 1023 723 1074 prioribus
769 1022 938 1061 calculis
971 1022 1049 1061 vix
1083 1033 1215 1062 vnum
1251 1023 1431 1074 gradum
1464 1023 1605 1075 super-

129 1087 272 1140 gredi,
309 1087 349 1125 in
387 1084 678 1139 posterioribus
716 1094 855 1125 autem
895 1088 956 1132 36
989 1086 1152 1124 minuta
1186 1085 1322 1137 prima
1357 1098 1441 1125 non
1478 1098 1605 1125 exce-

128 1150 252 1199 dere,
286 1149 396 1188 vnde
426 1158 520 1188 tuto
548 1148 688 1199 colligi
718 1146 828 1199 poss‘e
858 1147 1026 1187 videtur
1054 1148 1213 1188 medios
1243 1147 1407 1188 valores
1439 1148 1597 1199 allatos,

128 1211 237 1252 haud
260 1212 367 1252 vltra
391 1224 428 1258 5,
462 1221 531 1250 aut
553 1211 601 1249 ad
626 1210 835 1250 summum
861 1223 915 1248 10
939 1212 1100 1252 minuta
1122 1212 1272 1265 prima,
1303 1212 1380 1252 esse
1400 1214 1597 1254 incertos,

128 1275 245 1315 Idem
281 1275 482 1313 iudicium
520 1273 571 1312 de
604 1273 671 1312 val
694 1273 814 1313 -ribus
853 1287 929 1327 pro
964 1275 1236 1316 inclinatione
1273 1275 1433 1316 orbitae
1455 1276 1600 1317 locum

129 1336 283 1385 habet,
335 1337 403 1375 vbi
459 1337 501 1376 in
547 1337 752 1389 prioribus
799 1338 967 1378 calculis
1024 1338 1185 1380 fumma
1235 1339 1508 1393 discrepem-tia
1543 1342 1599 1381 est

132 1401 179 1439 1¹.
206 1400 284 1448 50⁴¹
318 1409 361 1440 et
393 1413 471 1452 pro
508 1401 802 1451 posterioribus
840 1413 863 1448 3
902 1403 1192 1456 minutorum3
1227 1414 1439 1444 caeterum
1478 1404 1503 1443 sl
1541 1405 1600 1444 se—

127 1464 210 1503 mel
255 1463 369 1502 locus
416 1463 515 1502 nodi
551 1463 654 1503 bene
690 1464 935 1504 constitutus
972 1465 1126 1517 fuerit,
1182 1466 1398 1506 inclinatio
1434 1467 1595 1507 orbitae

126 1539 181 1567 ex
215 1526 312 1579 ipsis
346 1525 701 1566 obseruationibus
739 1527 876 1581 colligi
913 1529 1062 1582 potest,
1097 1531 1162 1569 vti
1195 1541 1301 1570 mox
1323 1530 1602 1571 ostendemus,

282 1683 309 1692 ..
349 1665 419 1692 22.
490 1651 722 1707 Vtctrnque
768 1666 908 1696 autem
955 1656 1094 1696 minus
1139 1656 1282 1696 exacte
1318 1656 1595 1697 determinata

123 1716 375 1756 haberentur
423 1716 581 1769 reliqua
616 1717 840 1759 Elementa
877 1734 932 1760 ex
966 1721 1110 1760 decem
1143 1720 1437 1773 posterioribus
1474 1733 1591 1760 com-

123 1778 400 1818 binationi'ous
437 1780 649 1829 desiuata,
695 1783 735 1821 id
772 1794 910 1824 tamen
948 1784 1119 1823 dubium
1157 1784 1321 1823 valores
1358 1782 1589 1836 Temporss

122 1841 325 1882 Periodici
363 1843 436 1881 vix
474 1843 628 1895 tangit,
676 1847 830 1900 quippe
867 1860 997 1900 ouum
1034 1861 1112 1900 pro
1146 1847 1313 1886 diuerfis
1351 1846 1591 1900 hypothesi-

121 1907 209 1952 bus,
229 1905 276 1943 hi·
292 1905 455 1944 valores
477 1917 559 1944 non
579 1908 808 1950 admodum
827 1911 1104 1964 discrepantes
1126 1911 1404 1963 reperiantur,
1441 1911 1492 1950 sic
1513 1923 1592 1964 pro

123 1968 434 2009 combinatione
471 1970 610 2021 prima·
642 1971 761 2014 huius
799 1973 942 2022 clalsis,
979 1984 1159 2026 quatuor
1194 1975 1356 2026 priores
1381 1972 1597 2028 hypothe*

123 2031 210 2082 fes,
245 2044 323 2086 pro
357 2031 580 2085 Tempore
614 2033 831 2076 Periodico
868 2037 1086 2090 sequentes
1122 2037 1220 2076 dant
1255 2037 1447 2078 valores:

673 2109 791 2150 Anni
827 2124 868 2160 7,
893 2123 941 2162 5,
981 2115 1022 2161 6,
1048 2119 1096 2161 83
1135 2124 1174 2161 5,
1199 2116 1249 2164 63
1285 2116 1389 2161 4³⁶²

124 2189 303 2231 quatuor
339 2188 477 2219 antem
514 2181 787 2232 posteriores:
827 2196 866 2234 3,
893 2197 940 2236 3,
976 2200 1018 2236 4„
1043 2198 1091 2237 23
1128 2201 1169 2235 4«
1196 2200 1243 2236 23
1284 2199 1323 2236 3²
1349 2195 1392 2228 8--

122 2271 280 2313 Eadem
318 2274 477 2312 ratione
514 2276 770 2318 combinatio
808 2279 932 2328 sexta,
976 2279 1054 2319 hos
1090 2280 1256 2332 praebet
1290 2280 1451 2322 valores
1487 2282 1584 2322 osto

1447 2344 1587 2400 hypo—
