2029 2750
879 138 994 192 „2033
1059 134 1261 195 )206(
1318 137 1433 190 &eg-

428 251 593 296 acidum
614 251 713 294 nitri
736 283 746 303 ‚
783 251 824 293 in
843 250 1018 292 Nit‘rum
1039 252 1233 293 cubicum
1269 250 1505 307 (Methodo
1522 246 1857 303 Marggrafiana)
1879 280 1889 298 ‚

429 319 618 374 aeidique
648 316 790 357 nitross
818 329 892 370 per
919 316 1264 370 deflagrationem
1292 314 1480 368 expulfio
1499 314 1720 368 praecipue
1739 308 1894 354 tentari

427 383 582 424 debent
603 413 614 433 ,
648 391 717 432 vt,
754 382 795 420 in
819 381 1030 434 produstis
1053 390 1177 433 atque
1198 379 1424 433 deperditis
1445 408 1455 427 ,
1491 378 1637 418 refidui
1659 377 1895 431 ingredien-

428 448 487 488 tia
521 447 570 487 ad
606 445 812 487 calculum
842 445 1009 487 euocari
1041 443 1202 496 poffint.
1268 442 1368 484 Non
1388 442 1618 482 solumhoc
1638 442 1763 495 scopo
1784 469 1795 491 ‚
1829 439 1894 481 sed

429 512 556 552 etiam
586 511 636 550 ad'
658 510 958 549 oeconomicos
979 505 1072 545 vsus
1092 505 1261 558 praeuia
1277 506 1384 545 ‘vstio
1404 536 1414 554 ‚
1451 519 1532 546 non
1554 506 1781 546 admodum
1803 506 1898 544 vio-

429 567 541 615 lenta
560 605 570 623 ,
606 584 806 626 perquam
836 570 951 609 vtiiis
973 569 1030 608 est
1049 598 1059 616 ‚
1097 581 1178 621 qua
1201 569 1467 620 impuritates
1486 569 1736 622 vegetabilcs
1757 599 1767 618 ,
1803 569 1897 620 qui-

431 638 505 678 bus
543 635 722 687 crystalli
758 633 854 673 alias
892 632 1142 685 tinguntur,
1177 630 1370 676 comburi
1397 632 1578 685 possint,
1615 633 1729 672 acida
1757 633 1897 673 minus

433 700 636 740 tenaciter
671 697 814 738 Natro
849 698 966 737 vnita
1000 695 1298 748 expelluntur,
1333 705 1554 750 partesque
1591 695 1822 737 seleniticae
1850 694 1899 735 ad

434 762 668 805 faciliorem
704 761 896 804 secessum
931 761 1225 819 disponuntur.

444 914 446 917 y
566 865 599 912 ξ,
641 874 659 900 1
675 874 711 901 1.
779 859 892 901 Mihi
911 859 992 901 hoc
1012 859 1108 901 loco
1127 858 1293 914 plenam
1313 857 1493 910 analysm
1513 857 1746 899 chemicam
1766 854 1902 903 Alcali

437 926 650 972 mineralis
670 925 765 964 darc
787 937 871 964 non
891 925 946 965 est
966 924 1110 979 scopus
1131 935 1142 974 3
1176 923 1265 965 imo
1284 922 1489 977 superflua
1506 935 1554 962 ea
1572 921 1683 963 foret
1699 951 1709 971 ,
1745 921 1905 975 postea-

438 1003 565 1046 quam
592 1003 668 1044 per
696 988 859 1028 labores
881 986 1093 1030 celeberr,
1113 985 1324 1029 Virorum
1345 1016 1355 1035 ,
1391 985 1538 1027 Modeli
1566 989 1608 1026 in
1628 985 1780 1036 analyfi
1800 981 1905 1025 Salis

436 1055 585 1110 persici
624 1050 773 1110 (Conf.
802 1051 866 1101 Ej.
897 1052 943 1092 de
971 1051 1125 1092 Borace
1155 1051 1294 1090 natiua
1321 1050 1438 1092 trac7.
1472 1060 1513 1090 et
1536 1050 1683 1104 Opusc.
1706 1042 1840 1090 Chem.
1860 1045 1875 1102 )
1898 1079 1908 1099 ,

439 1116 684 1170 Marcgrafii
713 1117 755 1156 in
783 1116 864 1168 diff?
892 1116 940 1156 de
969 1115 1099 1157 Alcali
1115 1113 1230 1155 Salis
1249 1113 1450 1155 muriatica·
1489 1111 1502 1166 ζ
1516 1113 1582 1165 Ej.
1604 1113 1750 1166 Opusc.
1773 1110 1908 1153 Chem.

438 1185 542 1225 Part
572 1179 602 1220 Ι.
618 1187 717 1234 pag.
740 1191 808 1230 34.
820 1177 932 1232 seq.)
969 1189 1010 1222 et
1030 1179 1080 1222 de
1099 1177 1255 1230 Lapide
1272 1175 1530 1232 Serpentino
1555 1177 1674 1217 disto
1703 1174 1785 1229 (lh.
1804 1177 1847 1214 P.
1869 1187 1907 1215 ς’..

435 1254 478 1302 p.
505 1258 542 1285 1.
553 1242 661 1299 seq.)
699 1243 849 1293 deinde
879 1242 1001 1285 Pottii
1022 1272 1033 1292 ,
1066 1240 1236 1285 Baronii
1255 1269 1265 1289 ‚
1301 1237 1527 1280 Neumanni
1556 1239 1818 1292 aliorumque
1837 1239 1909 1291 qui

442 1309 513 1354 Sal
532 1309 716 1354 culinare
735 1316 776 1347 et
795 1306 1002 1349 Boracem
1028 1306 1258 1348 traciarum
1271 1332 1282 1352 ‚
1318 1302 1456 1345 multo
1477 1303 1612 1342 minus
1631 1303 1767 1354 quoad
1786 1301 1912 1342 Natri

440 1374 735 1429 'cognitionem
772 1370 1009 1415 chemicam
1043 1368 1262 1413 defiderari
1297 1365 1416 1422 possit
1437 1397 1447 1414 ‚
1484 1379 1609 1419 quam
1638 1366 1679 1405 in
1715 1365 1802 1405 aliis
1822 1377 1915 1418 per-

443 1439 590 1482 multis
625 1434 815 1477 subiestis
851 1435 970 1477 nobis
1000 1433 1192 1487 superest.
1261 1430 1381 1485 Quae
1411 1429 1478 1473 hic
1502 1430 1661 1470 tradam
1683 1460 1693 1478 ‚
1732 1439 1916 1470 tanturn-

443 1503 578 1556 ,modo
596 1499 774 1544 tendunt
801 1511 852 1538 eo
871 1529 882 1549 ,
916 1508 963 1541 vt
981 1498 1166 1541 Natrum
1186 1496 1374 1539 nostrum
1394 1494 1460 1535 vel
1479 1494 1616 1535 Alcali
1638 1493 1826 1537 terrestre
1846 1505 1916 1533 na·

448 1565 580 1611 rurale
600 1594 611 1614 ‚
647 1576 745 1604 cum
778 1561 918 1604 Natro
952 1572 1145 1606 veterum
1173 1571 1214 1601 et
1243 1560 1525 1600 recentiorum
1548 1590 1557 1608 ‚
1593 1559 1846 1611 vbicumque
1873 1556 1914 1597 in

442 1643 591 1684 ,rerum
609 1637 756 1672 natura
774 1637 817 1670 et
835 1627 943 1682 apud
964 1627 1150 1670 austores
1171 1624 1369 1673 occurrit,
1405 1623 1686 1677 comparabile
1706 1621 1851 1663 fistam.

581 1729 614 1778 §.
656 1739 725 1765 12.
793 1723 970 1766 Nati-um
1006 1723 1160 1765 nostras
1196 1719 1410 1768 naturale,
1457 1719 1624 1760 nondum
1660 1719 1919 1772 depuratum,

442 1792 731 1847 'qualicunque
750 1790 922 1830 demum
942 1789 1084 1830 colore
1105 1818 1116 1837 ‚
1151 1786 1287 1827 forma
1306 1796 1349 1825 et
1370 1786 1555 1825 mixtura
1573 1792 1764 1824 occurrat
1798 1779 1856 1835 (ξ.
1880 1788 1919 1823 8.

444 1851 495 1908 s9.
523 1869 591 1895 10.
606 1852 618 1909 )
633 1886 643 1906 ‚
679 1854 932 1909 plerumque
951 1854 992 1893 in
1013 1852 1194 1893 odorum
1215 1851 1269 1891 est
1289 1881 1299 1898 ‚
1336 1848 1550 1888 interdum
1570 1860 1672 1887 vero
1691 1844 1925 1891 volatilem,

444 1926 712 1976 'pungentem
732 1929 774 1959 et
794 1917 880 1959 fere
901 1917 1174 1958 suffocantem
1194 1915 1370 1955 odorem
1392 1913 1544 1966 spargit
1565 1943 1575 1961 ,
1611 1910 1774 1963 qualem
1795 1909 1923 1949 etiam

455 1985 498 2024 in
517 1983 609 2024 Saie
630 1980 864 2023 Ochotenfi
884 1981 1083 2023 Modelius
1112 1979 1290 2021 notauit.
1361 1976 1518 2019 Ortum
1539 1978 1570 2016 is
1590 1975 1836 2028 plerumque
1855 1971 1926 2010 de-

445 2044 526 2088 ·bet
561 2045 682 2085 acido
719 2044 822 2085 Salis
843 2076 853 2094 ,
891 2046 1095 2085 continuo
1130 2058 1152 2084 c
1188 2054 1338 2086 neutro
1366 2040 1578 2081 connvbio
1608 2038 1644 2077 se
1669 2035 1894 2077 extricanti
1915 2065 1926 2083 ,

447 2111 594 2153 ‘rarius
631 2109 846 2162 putredini
884 2109 1186 2148 immixtorum
1217 2105 1579 2147 vermiculorum,
1616 2100 1929 2152 similiumque3

447 2180 546 2230 'quo
575 2177 615 2214 in
646 2171 739 2212 c‘asu
767 2170 1030 2212 accidentalis
1058 2171 1112 2210 est
1133 2200 1142 2218 ,
1179 2171 1423 2220 semperque
1445 2166 1535 2206 satis
1556 2166 1668 2213 cito,
1717 2162 1928 2203 citiffime—

444 2244 542 2294 'que
570 2251 644 2292 per
673 2233 880 2277 vstioncm
913 2235 1158 2275 eradicatur.
1227 2230 1316 2271 Vbi
1346 2229 1478 2270 solum
1507 2229 1649 2270 Natro
1671 2227 1896 2268 efflorescit
1921 2254 1932 2274 ,

467 2303 614 2345 aestate
644 2313 855 2354 nunquam
877 2298 1021 2340 absunt
1042 2298 1132 2340 loca
1153 2295 1359 2344 eiusmodi
1380 2294 1555 2335 odorem
1578 2291 1821 2347 spargentia.

444 2372 471 2386 ’·
1797 2354 1933 2408 Depu-
