2029 2750
907 165 1024 218 »223ss
1090 163 1103 221 )
1141 176 1228 206 202
1265 164 1280 221 (
1344 164 1460 216 &323⁴-

447 286 581 334 ‘roque
600 280 735 321 adhuc
754 279 961 333 copiosius
979 279 1089 320 circa
1108 292 1262 333 pagum
1282 276 1472 332 Ptitschie
1488 277 1660 328 dicium,
1692 290 1754 328 90
1766 279 1908 322 stadiis

452 360 476 386 a
493 344 703 385 fortalicio
721 340 955 398 Miaeskaja
974 373 984 390 ‚
1021 342 1285 397 septuaginta
1313 342 1367 383 ab
1392 342 1595 396 oppidulo
1623 342 1910 396 Kurtamysch

450 409 674 450 distantem
695 439 706 459 ,
741 408 811 448 vbi
831 408 1027 462 planities
1057 408 1307 448 arundinosa
1335 408 1377 446 in
1408 406 1793 448 circumferentiam
1823 405 1911 450 sere

456 485 512 512 10
532 474 757 515 stadiorum
778 503 790 521 ‚
825 472 877 512 ad
895 471 1156 511 occidentem
1191 470 1452 511 colliculosae
1489 471 1670 524 regionis
1707 470 1911 521 extensa,

451 537 681 578 innumeris
699 536 804 575 locis
822 533 966 576 Natro
983 564 994 582 ‚
1030 534 1080 572 ad
1100 534 1229 572 instar
1257 535 1364 573 niuis
1385 564 1395 582 ‚
1428 534 1595 575 obtecta
1625 535 1750 576 albet.
1820 533 1912 576 Da·

455 612 524 642 tur
542 598 757 640 deindead
776 597 909 650 ipsum
938 598 1077 636 riuum
1113 596 1396 646 Kurtamysch
1425 595 1614 637 Tobolio
1649 612 1774 653 aquas
1810 599 1911 639 mit-

454 673 616 703 tentem
636 692 650 710 ,
683 662 724 700 in
744 661 914 713 regione
933 659 1027 713 pagi
1055 657 1344 712 Motfihalowa
1363 690 1373 708 ‚
1409 660 1522 700 circa
1555 661 1693 703 lacum
1722 664 1820 702 riuo
1849 664 1915 703 vi-

452 727 611 774 cinum,
653 738 671 763 1
685 737 704 773 5
725 724 811 764 fere
831 724 967 764 stadiis
987 721 1095 763 infra
1114 724 1317 776 oppidum
1336 723 1621 774 Karta-mysch
1642 737 1653 775 3
1689 734 1731 764 et
1750 726 1802 765 ad
1819 725 1914 767 To-

451 789 590 830 bolem
610 789 744 842 ipsum
763 800 894 841 prope
926 787 1077 828 Zarew
1111 787 1266 840 kur-gan
1286 818 1296 836 ‚
1332 788 1372 826 in
1408 796 1587 840 vtraque
1622 789 1749 841 ripa3
1782 789 1914 842 pluri-

452 854 611 907 busque
629 853 744 893 locis.
812 851 921 892 Aliis
941 850 1088 892 salibus
1109 853 1226 892 varia
1243 852 1521 905 proportione
1550 852 1794 893 admixtum
1821 851 1915 897 Na—

453 928 568 959 trum
587 918 629 956 in
659 915 968 957 australioribus
997 915 1145 955 deserti
1181 915 1450 965 Barabenfis,
1487 917 1528 955 in
1565 917 1722 969 campis
1757 931 1782 957 a
1818 917 1927 962 rino>

451 980 549 1022 Alei
601 980 884 1021 denominatis
905 1010 916 1027 ‚
951 980 1077 1032 inque
1127 979 1260 1032 planis
1295 978 1479 1020 Dauriae
1513 981 1624 1020 circa
1659 979 1914 1034 Selengam‚

453 1042 657 1086 Ononem
677 1054 720 1084 et
738 1043 964 1097 Argiui-um
985 1043 1156 1096 prostat.
1223 1041 1406 1084 Nati-um
1426 1056 1582 1096 putum
1603 1073 1614 1093 ‚
1649 1045 1761 1097 quod
1790 1042 1914 1086 Cele-

450 1108 643 1149 berrimo
661 1107 798 1147 Molle}
813 1120 892 1160 pro
910 1106 1065 1157 analyfi
1083 1105 1262 1146 seruibat
1281 1136 1291 1155 ,
1328 1119 1414 1145 non
1430 1105 1561 1146 solum
1593 1119 1615 1147 e
1643 1107 1783 1149 Persia
1798 1138 1810 1158 ‚
1843 1108 1912 1150 sed

452 1181 496 1213 et
513 1170 788 1212 Astrachania
807 1180 849 1210 et
867 1183 889 1210 e
909 1169 1060 1222 frigido
1079 1181 1246 1221 qnoque
1265 1170 1351 1208 {olo
1380 1167 1629 1210 Ochotenfis
1659 1181 1806 1223 portus
1841 1173 1912 1211 ad·—

454 1236 588 1276 l'atum
607 1233 746 1275 fuerat
766 1263 778 1282 ‚
812 1232 1017 1274 referente
1035 1232 1122 1285 ipso
1141 1233 1184 1271 in
1213 1231 1401 1290 Opuscul.
1431 1233 1551 1273 chem.
1574 1231 1800 1287 subsecitzis.
1854 1234 1912 1276 «δὲ

453 1299 570 1341 locos
604 1299 792 1351 requiras
812 1327 824 1346 ,
874 1296 944 1336 vbi
978 1297 1092 1336 inter
1125 1306 1373 1335 neutrorum
1408 1295 1552 1336 salium
1589 1296 1910 1339 efflorescentias

454 1376 585 1418 parua
604 1363 848 1415 quantitate
867 1362 1022 1400 emicat
1039 1358 1224 1407 Natron‚
1262 1368 1351 1398 tum
1375 1359 1543 1411 quidem
1562 1360 1638 1399 vix
1657 1372 1742 1399 non
1761 1361 1912 1412 vbique

453 1428 496 1467 in
515 1427 674 1478 campis
694 1425 797 1465 salsis
816 1424 1042 1464 Maeoticis
1062 1453 1073 1472 ‚
1110 1420 1292 1476 Caspicis
1312 1452 1323 1471 ‚
1358 1421 1545 1463 Sibiricis
1565 1423 1666 1463 illud
1695 1423 1881 1465 offendas
1899 1455 1914 1476 ‚

453 1501 635 1543 quorum
672 1488 829 1541 salsugo
864 1487 1111 1540 plerumque
1146 1486 1329 1538 aliquam
1371 1486 1699 1527 alcalescentiam
1734 1488 1910 1540 prodit,

453 1553 723 1607 maximeque
744 1551 835 1593 talis
855 1550 966 1592 fauet
984 1549 1227 1605 plantarum
1248 1550 1336 1590 salis
1356 1551 1587 1592 amantium
1607 1554 1853 1605 prouentui.

519 1687 551 1735 §-
574 1695 615 1734 7.
651 1682 860 1724 Videmus
880 1682 1066 1724 Natrurn
1088 1682 1247 1734 semper
1258 1680 1418 1721 salibus
1434 1684 1607 1730 neutris,
1628 1683 1854 1722 muriatico
1867 1693 1911 1723 et

454 1746 739 1790 Gl'anberiano
757 1749 963 1788 comitem
983 1747 1060 1787 effe
1081 1777 1091 1796 ,
1123 1747 1215 1785 'imo
1235 1756 1276 1785 et
1296 1742 1622 1786 Glauberianum
1643 1758 1739 1785 raro
1758 1746 1914 1798 absque

454 1814 682 1854 muriatico
702 1811 835 1852 fiolum
854 1812 1054 1858 occurrit,
1093 1845 1096 1849 ,
1123 1809 1377 1861 Plerumque
1401 1808 1584 1849 Natrum
1607 1809 1815 1849 alterutro
1834 1809 1912 1849 ho-

452 1890 545 1917 rum
566 1876 725 1917 *salium
762 1875 830 1915 vel
865 1874 1067 1916 ambobus
1103 1874 1343 1914 admixtum
1375 1873 1508 1913 exstat
1528 1903 1538 1922 ‚
1574 1883 1616 1913 et
1652 1872 1915 1926 puriffimum

453 1954 620 1993 quoque
640 1940 800 1992 semper
818 1941 858 1979 'rn
877 1939 1036 1979 vicinia
1053 1937 1156 1978 Salis
1176 1938 1390 1978 muriatici·
1413 1936 1576 1977 refidet.
1629 1937 1689 1978 Et
1708 1949 1809 1976 vero
1828 1935 1910 1975 hoc

452 2001 464 2056 (
485 2016 557 2056 per
583 2005 615 2051 ξ.
641 2016 677 2042 1.
699 2002 710 2055 )
730 2002 888 2056 semper
906 2003 1031 2044 strata
1059 2001 1339 2042 horizontalia
1367 2014 1446 2054 pro
1481 2002 1653 2041 matrice
1695 1999 1879 2052 agnoscit
1899 2030 1910 2049 ,

451 2078 684 2118 eorumque
704 2065 928 2105 dccliuibus
956 2068 1142 2106 maxime
1162 2067 1202 2106 in
1232 2065 1365 2113 locis,
1401 2065 1471 2104 vbi
1506 2065 1548 2102 in
1581 2063 1803 2116 planitiem
1838 2075 1911 2103 ex.-

452 2128 628 2170 currnnt
649 2159 659 2177 ‚
695 2129 916 2180 reperitur.
985 2129 1128 2168 Strata
1147 2127 1428 2169 horizontalia
1447 2126 1558 2166 calce
1577 2136 1619 2166 et
1639 2126 1784 2178 argilla
1811 2139 1912 2168 eon-

450 2195 554 2234 stare
572 2223 583 2241 ‚
618 2192 721 2233 etin
742 2192 896 2230 vicinia
914 2193 1100 2231 maxime
1118 2190 1354 2230 Salinarum
1372 2189 1546 2242 gypsum
1568 2190 1635 2229 vel
1664 2190 1912 2232 alabastrum

451 2256 627 2311 prodere
656 2256 774 2308 saepe
793 2254 926 2295 solent
949 2285 960 2303 ‚
995 2254 1355 2307 quemadmodum
1375 2253 1424 2293 ad
1444 2253 1653 2303 Kamam,
1687 2253 1911 2296 Tschuffo-

452 2316 601 2376 wajam
622 2350 633 2371 ‚
668 2320 930 2362 circa-Lacus
953 2319 1101 2360 deserti
1120 2318 1277 2367 varios,
1307 2316 1586 2371 Bogdensem,
1624 2317 1911 2360 luderiensem

1857 2381 1914 2425 ad
