2029 2750
884 149 1003 201 -›z<->:‹3
1066 147 1081 206 )
1122 153 1213 198 156
1255 148 1270 205 (
1325 141 1442 199 ἓῑεεᾰ

433 262 486 308 Π.
523 262 634 306 Huic
654 262 817 317 patinae
846 261 998 303 infusae
1027 262 1118 303 sunt
1152 272 1320 303 centum
1359 260 1572 314 sexaginta
1605 259 1732 301 librae
1764 261 1898 316 picis-3

504 330 719 382 octoginta
739 327 865 368 librae
885 339 1002 367 cerae
1022 326 1253 380 hispanicae
1273 337 1314 366 et
1332 326 1476 367 decem
1495 325 1622 367 librae
1652 326 1771 365 minii
1791 340 1802 378 3
1837 325 1900 369 su,-

505 394 675 447 perficie
695 392 933 444 refrigerata
951 390 1072 444 plana
1090 401 1132 431 et
1149 390 1291 444 polita.

434 488 510 531 Ill.
547 487 793 542 Superficiei
815 486 910 526 huic
943 485 1195 525 resinosaeK
1232 486 1385 526 lamina
1422 486 1625 526 incumbit
1661 486 1866 526 metallica
1887 516 1898 535 ,

501 552 663 594 moduli
701 551 958 600 aliquantum
995 548 1201 597 minoris,
1238 550 1391 601 septem
1430 564 1525 591 cum
1562 550 1738 590 dimidio
1772 551 1899 603 pedes

497 617 623 666 longa
641 623 680 652 et
702 622 782 651 tres
812 612 936 663 pedes
975 610 1085 662 lata3
1121 612 1307 664 margine
1342 626 1537 655 connexo
1572 623 1613 653 et
1647 614 1687 653 in
1725 624 1898 666 vtraque

497 676 769 729 longitudinis
800 675 1065 714 extremitate
1100 674 1232 727 ghbis
1269 689 1304 714 m
1341 685 1382 715 et
1416 689 1439 716 η
1474 677 1805 729 prominentibus
1836 680 1898 715 in-

496 741 656 782 structa.
725 738 897 778 Annexi
921 738 1010 778 sunt
1028 738 1124 779 huic
1144 740 1308 792 patinae
1329 740 1468 779 annuli
1500 746 1543 793 p,
1564 753 1599 793 q,
1622 753 1655 786 r,
1675 753 1707 787 s,
1737 740 1896 780 insertis

496 804 664 845 chordis
686 802 819 841 sericis
841 832 850 847 ‚
888 815 1063 854 quarum
1085 816 1165 856 ope
1185 805 1291 843 circa
1311 803 1515 844 trochleas
1535 813 1563 851 t,
1583 816 1621 851 u,
1641 816 1668 842 v
1688 814 1728 844 et
1748 816 1786 843 w
1814 803 1899 844 elc-

495 868 593 924 vari
616 877 656 907 et
675 865 723 906 ab
743 865 932 906 inferiori
950 866 1089 906 debita
1107 867 1317 907 celeritate
1337 868 1473 908 diduci
1494 868 1639 921 potest,

432 961 513 1005 IV.
551 960 690 1002 Globo
710 960 750 1001 D
770 962 936 1014 patinae
954 962 1161 1002 inferioris
1183 976 1369 1004 annexus
1392 964 1446 1003 est
1481 964 1694 1003 excitator
1721 962 1899 1002 metalli-

496 1040 567 1067 cus
588 1027 784 1065 incuruus
804 1024 845 1064 D
859 1024 938 1064 EF
957 1055 967 1072 ‚
1004 1027 1113 1064 circa
1131 1039 1251 1066 axem
1273 1028 1313 1065 in
1335 1026 1374 1066 D
1395 1027 1560 1066 mobilis
1576 1058 1585 1076 ,
1622 1027 1737 1068 cuins
1757 1026 1897 1067 altitu·

495 1090 552 1130 do
573 1089 778 1130 verticalis
799 1087 839 1127 D
855 1087 884 1127 F
913 1089 1092 1128 duorum
1113 1102 1208 1130 cum
1230 1090 1405 1128 dimidio
1424 1091 1576 1142 pedum
1600 1121 1610 1138 ,
1646 1092 1702 1129 ita
1729 1090 1898 1142 dispoli-¹

496 1162 562 1192 tus
584 1183 594 1200 ‚
630 1162 675 1190 vt
693 1151 884 1204 globulus
904 1150 936 1190 F
956 1182 966 1200 ,
1002 1153 1043 1191 in
1067 1165 1189 1205 quem
1213 1154 1460 1193 terminatur
1479 1182 1488 1198 ‚
1525 1166 1547 1191 a
1573 1153 1756 1192 laminae
1778 1153 1898 1204 supe-

493 1216 618 1257 rioris
653 1214 825 1267 globulo
859 1227 896 1254 m
915 1245 925 1261 ‚
962 1228 1057 1255 cum
1102 1216 1202 1256 haec
1221 1217 1403 1256 eleuatur
1423 1246 1432 1261 ,
1469 1216 1688 1256 interuallo
1710 1216 1825 1254 vniua
1854 1224 1896 1259 et

493 1279 658 1320 dimidii
678 1279 841 1318 circiter
859 1278 973 1330 pedis
993 1279 1113 1319 distet
1131 1309 1141 1327 ,
1177 1290 1217 1319 et
1245 1280 1444 1319 i·1clinato
1481 1279 1705 1319 redustoue
1739 1280 1897 1320 excita·

492 1352 586 1384 tore
605 1342 645 1382 D
660 1355 678 1383 e
692 1341 722 1382 F
742 1372 752 1391 ,
787 1341 878 1395 plus
899 1341 1090 1382 minusue
1111 1342 1436 1395 appropinquari
1465 1341 1598 1394 poffit.

376 1457 379 1460 ·
427 1434 487 1479 V.
525 1438 594 1478 Ex
614 1436 914 1492 vncinulisfet
933 1450 960 1490 g
978 1438 1132 1490 pendet
1151 1437 1252 1478 alius
1272 1438 1464 1491 globulus
1487 1437 1715 1478 metallicus
1737 1438 1775 1478 Κ
1795 1451 1806 1489 3
1840 1432 1911 1480 ex*

496 1513 578 1540 vna
597 1511 710 1554 parte
730 1500 888 1540 chorda
911 1500 1100 1555 serie-ifle
1121 1513 1131 1551 3
1166 1515 1219 1541 ex
1239 1502 1363 1542 altera
1392 1502 1463 1541 filo
1499 1502 1709 1542 metallico
1736 1502 1796 1555 gk
1833 1502 1895 1542 su-

494 1563 657 1617 spensus
679 1595 688 1611 ‚
726 1564 773 1603 ad
809 1563 906 1603 folia
944 1564 1150 1603 metallica
1185 1579 1223 1612 α,
1249 1565 1287 1613 h,
1307 1580 1327 1605 ι·
1350 1576 1426 1606 etc.
1463 1567 1722 1619 pertingente
1743 1596 1752 1614 ‚
1805 1566 1895 1619 qui-

491 1627 567 1667 bus
605 1629 777 1667 inte-ior
822 1627 1078 1667 sustentaculi
1137 1627 1261 1681 lignei
1313 1630 1346 1668 L
1363 1629 1410 1668 M
1426 1629 1460 1668 N
1480 1627 1520 1669 O
1568 1630 1799 1684 superficies
1838 1629 1895 1671 est

493 1691 655 1731 obtec‘ta
676 1704 686 1741 3
723 1691 886 1743 hocque
910 1690 1181 1731 sustentaculo
1200 1694 1326 1732 etiam
1349 1691 1507 1731 suffulta
1527 1694 1581 1732 est
1613 1695 1752 1745 patina
1788 1693 1893 1731 insc-

488 1755 576 1795 rior
595 1785 604 1802 ‚
641 1754 779 1795 fulcris
802 1755 939 1793 vitreis
962 1754 1220 1807 imponendo
1238 1787 1247 1801 ‚
1293 1756 1319 1795 si
1360 1765 1494 1794 totum
1526 1766 1767 1808 apparatum
1791 1768 1893 1794 con-

491 1818 600 1858 tastu
621 1831 721 1870 corp
755 1831 848 1858 rum
871 1830 952 1857 non
970 1831 1046 1870 per
1066 1818 1103 1858 se
1123 1819 1413 1859 electricorum
1436 1819 1659 1858 excludere
1689 1831 1793 1871 opus
1830 1818 1890 1858 fit.

523 1911 726 1953 Machina
745 1913 859 1962 haec,
880 1913 1009 1954 resina
1029 1914 1152 1956 semel
1171 1914 1300 1967 probe
1321 1917 1472 1963 attrita,
1494 1925 1582 1955 tum
1604 1927 1677 1967 per
1695 1915 1890 1954 diuturna

428 1978 630 2030 temporis
650 1976 866 2017 interualla
884 1978 1084 2018 eminenti
1104 1978 1233 2032 pollet
1253 1980 1293 2018 vi
1315 1979 1505 2019 elestrica
1524 1989 1563 2019 et
1586 1979 1889 2030 experimentis

429 2037 629 2078 eleaticis
658 2040 861 2079 consuetis
893 2054 1048 2094 magno
1077 2043 1223 2095 vigore
1251 2043 1507 2083 instituendis
1536 2054 1609 2095 par
1629 2041 1695 2079 est.
1764 2040 1889 2080 Hisce

430 2110 569 2141 tamen
606 2100 682 2141 hac
717 2103 1101 2144 'vice-recensendis
1132 2106 1386 2158 supersedet),
1424 2119 1518 2145 cum
1542 2117 1587 2144 ea
1608 2113 1768 2143 tantum
1789 2115 1888 2144 cum

425 2163 488 2206 111.
519 2163 746 2205 Academia
773 2168 1084 2206 communicare
1107 2167 1210 2206 mihi
1230 2167 1487 2220 propositum
1510 2167 1569 2215 sit,
1605 2180 1724 2219 quae,
1759 2179 1886 2220 quan

427 2229 590 2280 egregie
619 2227 834 2268 machinae
864 2227 983 2269 huius
1012 2229 1302 2282 phaenomena
1323 2243 1418 2270 curn
1440 2231 1624 2271 theoriae
1643 2231 1885 2272 clestricita-

429 2291 481 2333 tis
501 2306 524 2332 a
554 2291 636 2334 Cel.
664 2291 903 2336 Francklino
931 2292 1126 2335 stabilitae
1143 2294 1358 2351 principiis
1378 2295 1647 2346 consentiant,
1680 2295 1885 2350 aptiffime

1707 2360 1882 2401 demon-
