2029 2750
909 118 1253 181 ·&ss'hss
1316 119 1429 175 2³⁹⁸·-

433 249 476 284 et
506 239 657 282 melius
689 237 968 282 determinare
1000 236 1252 293 politionem
1287 235 1553 291 seligendam‚
1597 236 1730 279 modo
1761 235 1899 281 radin·

433 305 578 348 circuli
622 304 897 346 moderatoris
939 301 1050 344 haud
1101 311 1260 344 temere
1293 302 1552 344 diminuatur
1584 301 1694 342 vltra
1727 301 1898 353 limites,

435 381 542 424 quos
577 369 686 410 vires
720 367 998 411 obseruatoris
1031 366 1302 421 permittunt:
1336 364 1448 407 conf.
1484 368 1518 416 §-
1558 374 1628 416 17.
1699 364 1899 421 Quaestio

435 442 592 484 autem,
627 445 754 488 quam
780 431 968 480 trastaui,
1001 430 1174 485 proprie
1209 429 1311 470 haec
1347 429 1418 480 est,
1453 439 1501 470 vt
1533 430 1638 473 datis
1656 429 1788 472 tribus
1806 427 1899 483 pln-

434 497 602 539 ribusne
635 497 802 550 sagittae
836 493 1030 541 iactibus,
1065 493 1109 532 in
1144 491 1256 533 linea
1288 493 1401 534 reeta
1433 495 1611 543 notatis,
1647 493 1899 536 determine—

434 570 503 603 tur
535 560 688 616 pofitio
720 555 1043 613 probabiliffima
1075 554 1183 597 loci.
1233 567 1361 608 quem
1396 555 1624 610 sagittarius
1659 570 1738 613 pro
1772 556 1898 611 scopo

432 624 508 665 suo
542 622 730 664 habebat.
798 618 880 660 Sed
913 618 1198 673 vnusquisque
1233 617 1473 662 obseruator
1505 619 1654 662 harum
1673 620 1896 664 ferumin-

433 687 625 740 telligens
658 697 738 739 pro
774 692 919 724 natura
952 682 1212 737 argumenti,
1256 681 1369 736 quod
1402 694 1502 737 prae
1536 684 1725 727 manibus
1759 684 1899 734 habet,

432 749 512 790 alia
545 759 669 802 atque
705 747 783 788 alia
817 746 889 787 fibi
922 744 1119 786 formabit
1153 745 1342 796 criteria,
1393 744 1520 799 scopo
1554 745 1626 787 suo
1660 748 1769 789 haud
1803 749 1897 796 inn÷

431 813 553 862 tilia,
602 812 633 853 fi
667 812 799 854 modo
843 810 994 865 regulis
1013 839 1025 860 ‚
1075 821 1130 851 ex
1172 819 1261 851 arte
1295 809 1601 851 combinatoria
1632 812 1867 866 depromtis
1885 840 1897 862 ,

432 885 553 922 caute
586 886 738 918 Vtatur.

563 939 872 996 Recapitulatio.
939 939 1159 981 Problema
1195 940 1379 981 nostrum
1414 953 1488 993 per
1522 940 1561 981 se
1594 941 1740 995 vtique
1757 941 1814 983 est
1833 939 1904 981 in-

435 1005 790 1055 determinatum,
825 1004 1165 1058 quandoquidem
1201 1005 1353 1058 pendet
1387 1005 1437 1044 ab
1472 1004 1543 1045 vsu
1564 1034 1574 1050 ,
1609 1005 1898 1059 experientia,

432 1070 682 1110 dexteritate
717 1068 990 1109 obseruatoris
1010 1098 1021 1117 ‚
1055 1082 1081 1108 a
1113 1068 1368 1122 praecisione
1411 1068 1781 1111 instrumentorum
1801 1099 1813 1118 ,
1849 1067 1898 1107 ab

434 1134 522 1174 acie
556 1132 776 1181 sensuum,
826 1132 876 1172 ab
927 1133 1157 1173 innumeris
1207 1132 1386 1185 denique
1435 1131 1756 1172 circumstantiis
1806 1129 1898 1184 plus

430 1197 574 1237 minus
608 1196 868 1237 fauentibus:
903 1195 1058 1236 horum
1093 1195 1286 1238 omniurn
1323 1195 1430 1235 ratio
1460 1194 1679 1235 habebitur
1697 1195 1900 1247 assumpta

434 1259 713 1314 amplitudine
747 1259 1057 1300 aberrationum
1091 1259 1262 1312 campi,
1296 1270 1381 1312 qua
1411 1259 1464 1299 de
1498 1271 1571 1309 re,
1616 1258 1735 1300 omni
1781 1255 1897 1298 adhi-

432 1322 522 1364 bita
570 1322 946 1377 circumspeetione
965 1353 977 1373 ,
1028 1321 1278 1361 sententiam
1329 1334 1468 1362 meam
1501 1323 1656 1375 aperui.
1733 1319 1901 1362 Deinde

432 1387 604 1438 energia
638 1386 757 1426 sortis
791 1386 987 1429 fortuitae
1028 1384 1286 1438 exploranda
1332 1384 1391 1425 est
1409 1413 1422 1434 ‚
1471 1396 1576 1437 quae
1626 1398 1705 1438 pro
1754 1383 1899 1436 quanio

433 1449 695 1491 aberratione
731 1448 896 1498 militet,
931 1448 1028 1499 quia
1061 1448 1164 1488 vtile
1196 1448 1254 1488 est
1288 1456 1337 1487 vt
1369 1447 1503 1488 cuiuis
1538 1447 1800 1489 aberratione
1818 1445 1899 1495 sua,

433 1525 514 1568 pro
548 1522 696 1554 natura
740 1513 830 1561 rei,
874 1511 1128 1551 conueniens
1181 1510 1399 1564 assignetur
1449 1511 1748 1565 probabilita53
1797 1509 1900 1551 haec

435 1577 631 1630 equidem
667 1575 1008 1630 probabilitatum
1045 1572 1148 1614 scala
1183 1569 1318 1614 rursus
1354 1574 1512 1614 incerta
1544 1585 1666 1628 atque
1717 1575 1898 1615 indeter-

433 1640 595 1681 minata
629 1649 799 1689 manet,
834 1639 863 1678 si
898 1646 1088 1679 accurata
1119 1637 1399 1688 desideretur,
1433 1646 1617 1678 attamen
1651 1638 1789 1691 plures
1809 1651 1898 1678 ma-

431 1702 628 1755 nisestat,
661 1716 716 1745 ex
749 1702 835 1757 ipsa
867 1703 942 1742 rei-
963 1712 1136 1751 natura,
1170 1701 1446 1755 proprietates
1465 1730 1477 1750 ‚
1521 1701 1670 1755 quibus
1722 1700 1752 1741 si
1803 1699 1898 1740 satis

430 1767 538 1819 fiat,
572 1768 728 1822 poterit
762 1779 840 1820 pro
883 1765 1133 1806 sufficienter
1176 1766 1344 1818 cognita
1392 1764 1533 1805 haberi
1554 1795 1565 1814 ,
1617 1764 1731 1818 quod
1782 1763 1900 1816 plura

434 1831 667 1872 tentamina
715 1843 785 1871 me
833 1831 1080 1873 docuerunt.
1149 1829 1250 1869 Inde
1301 1829 1450 1869 modus
1501 1828 1723 1869 innotescit
1756 1827 1899 1881 expri-

432 1895 576 1935 mendi
610 1894 836 1935 secundum
870 1902 1090 1948 praecepta
1123 1894 1165 1933 in
1201 1902 1287 1933 arte
1321 1893 1580 1933 coniectandi
1607 1891 1899 1939 demonstrata,

432 1956 773 2011 probabilitatem
805 1958 1034 1999 absolutam
1054 1957 1185 1998 cuiuis
1205 1956 1412 2008 systemati
1439 1956 1780 1997 obseruationum
1798 1953 1900 1992 dato

431 2021 758 2062 conuenientem
793 2034 873 2074 pro
903 2023 1054 2073 quouis
1089 2021 1166 2061 fitu
1202 2021 1408 2073 assumpto
1441 2020 1626 2060 eiusdem
1653 2017 1895 2070 systematis.

423 2083 507 2131 'Sic
539 2083 649 2125 aliud
684 2095 771 2123 non
807 2083 1014 2138 superest,
1057 2097 1184 2136 quam
1237 2094 1283 2124 vt
1335 2082 1403 2123 ille
1454 2082 1645 2135 seligatur
1693 2080 1899 2135 propositi

426 2147 662 2199 systematis
697 2146 828 2196 situs,
860 2147 933 2200 qni
968 2147 1156 2187 maxima
1189 2147 1340 2199 gaudet
1390 2145 1695 2199 probabilitate.
1761 2144 1898 2185 Mira-

430 2211 517 2254 bile
546 2209 717 2266 prorsus
751 2209 856 2251 mihi
890 2208 1025 2250 visum
1060 2210 1147 2258 est,
1181 2209 1294 2263 quod
1329 2209 1522 2264 aequatio
1556 2208 1795 2263 algcbraica,
1816 2221 1898 2262 qua

432 2274 547 2321 fiam
568 2274 640 2319 iste
670 2272 870 2317 definitur
888 2304 899 2326 ‚
934 2283 1021 2316 tam
1053 2273 1179 2330 longe
1211 2273 1344 2331 petita
1360 2303 1373 2324 ‚
1421 2274 1474 2316 ad
1506 2274 1699 2329 quintam
1733 2272 1896 2315 dimen-

1816 2335 1897 2379 fio-
