2029 2750
843 74 960 128 »ἐξ
1024 73 1220 133 >254i
1283 75 1401 129 3³2³&-

575 188 913 235 extremitatibus
949 186 1177 238 adhaeret,
1213 200 1311 229 cum
1347 198 1482 240 eoque
1519 187 1731 231 orificium
1749 192 1851 234 dex-

574 264 687 296 trum
721 266 853 295 venae
888 264 1015 294 cauae
1049 251 1258 292 inferioris
1294 250 1435 292 efficit.

445 327 521 368 93.
555 317 659 360 Eius
693 331 787 373 pars
823 318 1015 371 suprema
1050 314 1282 363 craffiffima
1316 314 1693 372 distinffiffimaque
1733 318 1853 359 omni

571 391 720 423 aetate.

448 458 526 497 94.
561 443 670 487 Crus
709 457 827 485 arcus
862 445 1078 492 dextrum,
1097 444 1164 484 cui
1200 445 1242 484 in
1279 444 1390 486 foetu
1428 446 1674 486 extremitas
1703 449 1854 487 dextra

564 500 613 550 ⁴et
645 509 851 563 posterior
886 507 1076 548 valuulae
1111 507 1326 547 Eustachii
1362 508 1570 563 applicata
1605 510 1672 551 cst.
1727 510 1855 552 Nunc

571 573 620 612 ab
656 585 708 612 eo
742 580 909 611 remota
944 571 1082 611 existit
1116 571 1159 610 vi
1205 571 1399 611 irruentis
1447 572 1652 625 sanguinis
1673 605 1683 624 ,
1735 575 1851 616 cuius

565 649 660 690 pars
697 646 849 687 magna
884 633 988 673 olim
1032 647 1106 688 per
1139 633 1351 674 orificium
1388 634 1591 676 sinistrum
1626 638 1669 678 in
1715 639 1849 680 finum

566 698 775 740 finistrum
819 697 1028 748 intrabat,
1064 698 1219 740 intacta
1262 697 1430 739 valuula
1465 698 1706 758 Eustachii,
1741 716 1851 745 nunc

565 773 672 804 vero
707 762 870 813 omnis,
905 762 1128 803 conuersus
1165 764 1207 802 in
1241 773 1404 816 partem
1439 763 1658 814 dextram,
1687 778 1738 805 eo
1760 781 1849 808 ma-

563 827 646 868 iori
679 826 724 866 vi
759 827 802 865 in
836 824 1052 867 valuulam
1088 827 1335 876 Eustachii,
1371 828 1540 881 eiusque
1567 829 1778 882 imprimis
1805 831 1849 871 in

567 890 887 932 extremitatem
923 891 1198 943 posteriorem
1233 891 1436 945 impellit,
1457 905 1633 945 eamque
1669 892 1846 935 disrum-

565 955 629 1008 pit
663 955 850 1006 partim,
901 956 1143 1007 partimque
1177 966 1373 996 remouet
1409 971 1429 996 a
1464 957 1624 1010 pariete
1677 957 1848 999 sinistro.

563 1016 700 1057 Perill.
719 1016 767 1057 L.
787 1015 834 1056 Β.
855 1017 905 1055 de
922 1011 1136 1060 HALLER
1165 1018 1408 1059 columnam
1438 1021 1632 1061 dextram
1660 1023 1847 1064 vocauit.

445 1090 521 1131 95.
559 1077 670 1121 Crus
705 1079 910 1119 finistrnm
956 1093 1073 1121 arcus
1119 1080 1202 1120 slue
1253 1081 1451 1121 columna
1504 1083 1688 1133 sinistra,
1741 1098 1849 1138 quae

563 1142 690 1196 paulo
725 1143 892 1182 tenuior
925 1143 1003 1182 effe
1039 1143 1140 1183 solet
1173 1144 1338 1197 reliquo
1373 1158 1481 1185 arcu.

441 1211 517 1261 96.
552 1207 711 1247 Leuior
747 1206 926 1246 inflexio
960 1206 1002 1245 in
1038 1206 1118 1247 hac
1152 1209 1341 1259 regione,
1377 1209 1712 1258 constantissima,
1741 1224 1847 1264 quae

565 1270 706 1312 maior
741 1279 886 1310 autem
921 1270 965 1309 in
1000 1269 1138 1310 vitulo
1173 1279 1216 1309 et
1248 1271 1291 1309 in
1327 1282 1428 1310 cane
1465 1283 1538 1311 nec
1577 1285 1662 1311 non
1697 1275 1739 1312 in
1759 1276 1848 1326 ple-

564 1335 707 1388 risque
741 1334 916 1375 caeteris
954 1333 1216 1384 animalibus,
1252 1334 1362 1375 vnde
1397 1333 1530 1387 figura
1565 1335 1782 1376 foraminis
1803 1347 1846 1379 et

563 1398 688 1440 fossae
722 1397 853 1438 oualis
889 1397 1022 1451 figura
1073 1397 1267 1452 angulata
1317 1407 1358 1439 et
1411 1399 1644 1440 coniunctis
1689 1400 1844 1442 duabus

562 1462 771 1517 palpebris
806 1462 948 1503 similis
979 1461 1171 1503 efficitur.

377 1538 452 1580 97.
488 1525 586 1569 Pars
622 1525 769 1567 infima
803 1527 933 1567 cruris
970 1526 1147 1572 sinistri,
1184 1539 1290 1579 quae
1327 1528 1367 1567 in
1405 1528 1547 1568 adulto
1582 1539 1625 1570 et
1658 1530 1699 1569 in
1724 1531 1842 1572 foetu

565 1592 838 1632 extremitate
873 1590 1031 1631 sinistra
1064 1589 1256 1631 valuulae
1295 1591 1504 1632 Eustachii
1550 1595 1703 1646 tegitur
1725 1625 1735 1644 ‚
1772 1594 1843 1635 sub

565 1668 649 1709 qua
683 1657 727 1696 in
763 1655 1037 1696 coniunctum
1071 1667 1169 1695 cum
1205 1654 1310 1696 fibra
1354 1654 1481 1710 (81.)
1517 1658 1716 1699 annulum
1753 1671 1841 1699 car-

565 1732 695 1761 neum
731 1716 872 1776 (49.)
907 1718 1027 1760 illurn
1063 1731 1157 1760 crus
1193 1721 1427 1760 continuat.

440 1793 517 1836 98,
536 1797 706 1837 99.99.
727 1797 802 1834 99.
839 1783 1003 1833 Annuli
1037 1784 1170 1825 oualis
1206 1797 1300 1837 pars
1336 1784 1536 1835 inferior,
1573 1798 1677 1839 quae
1714 1799 1839 1839 appa-

561 1860 657 1899 ret,
709 1848 738 1890 fi
787 1848 925 1902 paries
977 1847 1084 1889 finus
1130 1847 1313 1898 finisser,
1365 1850 1407 1889 in
1452 1862 1538 1902 quo
1573 1849 1672 1890 foss‘a
1706 1851 1840 1891 oualis

564 1914 650 1963 est,
685 1912 844 1955 sursum
865 1943 876 1962 ,
911 1912 1030 1966 regio
1064 1925 1168 1953 vero
1202 1924 1333 1953 venae
1370 1914 1617 1955 coronariae
1636 1927 1732 1955 cum
1752 1915 1838 1954 val-

564 1977 664 2018 vula
697 1976 911 2018 Eustachii
946 1976 1140 2017 deorsum
1175 1977 1302 2031 paulo
1339 1977 1573 2018 trahuntur.
1643 1977 1689 2016 Iu
1710 1977 1838 2027 foetu,

567 2050 716 2094 aperto
751 2040 838 2081 ssnu
859 2071 869 2089 ,
904 2041 1066 2095 integra
1100 2053 1209 2082 vena
1243 2055 1344 2082 caua
1379 2041 1596 2091 inferiori„
1641 2040 1745 2080 nihil
1789 2041 1839 2082 de

550 2102 643 2145 ‚hac
679 2112 800 2158 parte
836 2114 1023 2158 apparet,
1059 2105 1158 2145 dum
1177 2105 1423 2158 profundius
1460 2106 1501 2143 in
1538 2104 1613 2145 hac
1648 2117 1753 2144 vena
1781 2104 1839 2144 la-

565 2175 639 2208 tet.
707 2165 911 2220 Tumque
946 2166 1098 2206 limbus
1134 2168 1220 2216 est,
1274 2179 1358 2218 quo
1393 2167 1493 2207 basis
1528 2167 1716 2208 valuulae
1752 2168 1837 2208 ori-

566 2229 652 2273 ficii
684 2230 832 2274 sinistri
865 2230 1049 2284 cingitur
1082 2239 1124 2272 et
1158 2245 1181 2271 a
1214 2242 1345 2289 yenae
1377 2231 1536 2286 pariete
1562 2232 1836 2287 distinguitur.

1759 2304 1836 2348 98.
