2029 2750
593 156 708 207 »ἕως
767 155 789 214 ,)
953 151 968 211 <
1031 155 1146 207 aa«

263 271 298 322 ς,
338 281 376 321 ς.
442 264 616 310 Natrum
649 263 817 306 liberum
850 266 931 306 fiue
968 266 1092 306 acidis
1121 267 1291 309 istorum
1319 268 1464 310 salium
1481 268 1590 310 haud

137 338 359 380 saturatum
377 330 510 372 fontes
530 328 722 368 medicati
740 329 865 368 etiam
886 329 993 382 apud
1013 342 1087 369 nos
1107 331 1247 382 paffim
1268 333 1465 384 produnt,
1478 345 1516 372 v.
1530 344 1589 386 gr.

136 398 398 451 scaturigines
428 393 574 434 salinae
599 391 648 430 ad
673 390 872 444 Wolgam
902 394 1010 433 circa
1029 392 1239 434 coloniam
1260 394 1504 449 Sarpensem
1521 397 1591 436 de·

136 462 296 509 tectae,
320 458 420 499 [ους
452 457 493 496 in
522 456 679 496 Lacum
706 454 840 497 Tustu
860 457 1029 497 ditionis
1048 454 1376 512 Krasnojarensis
1396 460 1592 509 defluens,

134 518 397 569 saluberrima
426 517 628 572 scaturigo
657 519 706 558 ad
730 516 867 559 Udam
885 518 1095 572 Dauni-iae
1115 550 1126 568 ,
1160 522 1211 562 de
1231 523 1378 576 quibus
1398 524 1592 564 omnibus

135 591 179 631 in
197 585 408 628 leinerario
437 583 508 624 suo
526 583 613 635 egit
630 582 922 624 celeberrimus
943 584 1078 624 noster
1096 585 1235 626 Pallas
1254 599 1265 634 5
1302 588 1488 640 itemque
1506 587 1592 628 bal·-

132 660 260 693 neum
288 661 415 702 aquae
439 647 594 687 calidae
617 646 666 685 ad
685 647 986 688 occidentalem
1007 649 1139 700 ripam
1159 648 1336 690 Baikalis
1356 650 1590 701 scaturiens,

129 714 246 769 quod
282 714 324 753 in
361 711 571 752 Itinerario
605 711 780 763 proprio
801 717 843 764 p.
877 715 950 760 76.
978 710 1199 764 descripsi3
1232 723 1279 752 vt
1307 713 1402 754 alias
1433 723 1591 756 taceam

131 786 257 834 aquas
278 808 288 827 ‚
324 787 428 829 quac
462 773 626 814 Natron
665 774 816 827 exigua
840 774 939 815 licet
963 775 1241 826 proportione
1266 777 1312 815 in
1331 776 1368 816 se
1386 780 1586 818 continet.

134 843 266 884 Lacus
301 851 469 893 quoque
502 839 543 877 in
578 836 728 877 Sibiria
757 837 911 878 detec‘ti
946 836 1065 886 sunt,
1101 838 1248 890 quibus
1276 838 1441 880 Natron
1468 842 1588 882 acido

130 905 243 945 haud
263 904 485 944 saturatum
503 902 741 942 continetur
760 931 770 950 ‚
806 910 919 940 tanta
937 900 1105 941 subinde
1123 903 1266 955 copia,
1303 911 1351 942 vt
1369 916 1477 956 aqua
1495 916 1593 944 cum

132 969 261 1008 acidis
289 966 531 1008 efferuescat
557 965 716 1005 strenue
729 977 746 1015 «ς
779 965 841 1003 vti
859 964 1029 1005 lacunae
1047 964 1250 1016 quaedam
1266 965 1414 1007 deserti
1434 963 1593 1008 Cuma-

131 1033 177 1072 ni
207 1039 328 1084 atque
347 1028 603 1070 Calmuccici
630 1029 674 1067 in
691 1027 845 1067 vici'nia
864 1028 988 1067 maris
1006 1024 1153 1082 Caspii
1171 1057 1183 1078 ‚
1216 1028 1328 1070 lacus
1346 1029 1474 1084 aliqui
1491 1043 1591 1084 pro*-

132 1096 294 1135 vinciae
329 1091 541 1139 metensis,
589 1090 840 1144 insignisque
873 1091 1054 1144 regionis
1089 1091 1445 1133 transbaikalenfis
1474 1094 1590 1135 'vltra

128 1156 272 1198 Udam
302 1157 342 1197 fl.
371 1156 502 1196 Lacus
521 1152 756 1195 Zizanenfis
776 1167 874 1195 cum
893 1155 982 1195 aliis
1002 1184 1013 1204 ‚
1047 1166 1153 1208 quos
1181 1156 1328 1197 videsis
1355 1158 1400 1197 in
1417 1155 1589 1199 Itinera,-

128 1223 194 1264 rio
215 1220 440 1272 Pallaffiani
463 1219 539 1259 Vol.
563 1225 658 1272 3.p.
683 1221 783 1267 176.
809 1226 910 1268 178.
935 1219 1036 1267 18³3.
1060 1222 1162 1259 216,
1185 1232 1287 1268 223.
1310 1231 1412 1270 254.
1471 1221 1590 1262 Μυῖ-

130 1294 178 1326 to
205 1296 307 1326 vero
336 1284 469 1323 maior
496 1283 552 1322 est
578 1282 827 1321 abundantia
844 1281 966 1322 Natri
995 1281 1162 1322 in‘locis
1181 1283 1369 1336 depreffis
1389 1283 1469 1324 sale
1484 1285 1588 1326 culi-

130 1350 220 1390 ·na'ri
251 1358 371 1400 atque
391 1343 671 1386 Glauberiano
691 1344 896 1397 copiosius
916 1343 1268 1387 efflorescentibus
1287 1376 1299 1398 ‚
1333 1359 1515 1402 quorum
1543 1350 1587 1389 in

131 1411 299 1454 desertis
327 1409 524 1449 Tatariae
553 1418 674 1461 atque
703 1406 876 1447 Sibiriae
906 1420 1055 1461 magna
1072 1410 1128 1449 est
1146 1411 1279 1462 copia.
1347 1410 1416 1451 Sal
1434 1412 1588 1452 horum

132 1475 318 1517 terrestre
338 1472 558 1513 collectum
578 1471 693 1525 saepe
712 1480 901 1523 quartam
920 1499 931 1519 ‚
967 1473 1056 1511 imo
1072 1472 1291 1513 dimidiam
1309 1482 1352 1513 et
1369 1473 1477 1515 vltra
1493 1488 1589 1529 par·—

133 1551 219 1580 tem
249 1537 369 1578 Natri
398 1537 544 1584 liberi,
581 1548 655 1577 nec
683 1535 908 1588 quidquam
938 1534 1101 1583 saturati
1123 1535 1308 1589 largitur.
1375 1536 1588 1592 Talesque

134 1602 342 1644 conualles
387 1600 529 1641 salibus
566 1599 735 1640 floridae
771 1599 880 1638 circa
915 1610 1060 1639 omnes
1093 1598 1180 1640 fere
1215 1599 1325 1641 lacus
1362 1600 1478 1643 salsos
1516 1615 1590 1643 oc-

131 1675 321 1707 currunt.
1434 1684 1437 1685 ν

261 1731 293 1777 ξ.
333 1731 372 1767 6.
439 1726 577 1767 Datur
605 1727 646 1766 in
675 1726 817 1767 multis
844 1725 964 1768 huius
985 1736 1157 1768 naturae
1176 1728 1277 1768 locis
1297 1727 1481 1768 Nati-um
1500 1727 1587 1770 fere

130 1805 286 1847 purum
307 1822 318 1830 .
352 1791 419 1831 vel
449 1804 544 1830 cum
574 1790 803 1843 parcissima
822 1789 923 1831 Salis
956 1793 1082 1832 medii
1104 1793 1289 1833 mixtura
1309 1791 1585 1835 efflorescens.

132 1855 353 1897 Eiusmodi
383 1864 596 1906 repertum
616 1853 695 1893 fuit
715 1853 854 1894 versus
876 1869 988 1896 mare
1008 1854 1209 1909 Caspium
1228 1855 1276 1895 ab
1297 1865 1471 1909 Vtraque
1490 1869 1584 1910 par-

134 1929 176 1959 te
194 1917 429 1970 Wolgensis
449 1917 570 1964 aluei,
609 1919 795 1957 maxime
815 1919 862 1957 ad
885 1916 1107 1959 Orientem
1130 1920 1214 1959 cius
1235 1934 1242 1958 :
1278 1919 1387 1959 vnde
1407 1921 1448 1959 in
1467 1929 1587 1973 parte

133 1982 371 2023 austrai'iore
410 1981 556 2021 deserti
592 1980 783 2033 Kirgisici
817 1983 962 2022 itidem
998 1983 1087 2022 dari
1123 1982 1396 2023 concluserim
1417 2013 1428 2033 ,
1472 1983 1586 2036 quod

126 2046 329 2086 omnibus
373 2045 599 2084 momentis
646 2042 968 2085 Calmuccornm
1013 2045 1176 2086 deserto
1225 2046 1482 2087 simillimum
1516 2047 1583 2088 est.

135 2107 235 2147 Non
265 2109 401 2148 minus
429 2108 578 2148 diuites
606 2120 658 2147 eo
678 2107 769 2147 sunt
787 2110 924 2162 campi
943 2109 1148 2150 Miaesum
1166 2113 1209 2151 et'
1227 2110 1416 2150 Tobolin
1436 2111 1586 2150 fluuios

141 2171 440 2212 interiacentes,
508 2170 700 2212 Maxime
728 2184 878 2225 purum
910 2173 1050 2213 inueni
1068 2172 1254 2214 Natrum
1282 2175 1324 2213 in
1350 2173 1587 2215 australiore

141 2243 229 2284 ripn
255 2232 385 2273 liaeus
411 2235 463 2274 sic
493 2236 590 2275 disti
616 2235 748 2276 diuini
787 2235 903 2290 (Allo
921 2235 1011 2289 kal)
1051 2238 1224 2290 triginta
1240 2238 1373 2277 stadiis
1395 2237 1545 2276 rufficis
1565 2249 1589 2276 a

141 2293 367 2349 Miaeskaja
378 2295 604 2343 fortancm,
632 2299 869 2351 quindecim
890 2314 912 2340 a
930 2300 1065 2341 Miaso
1085 2301 1214 2340 fluuio
1233 2300 1414 2340 distantis
1434 2311 1446 2351 ;
1481 2299 1590 2339 mul-

141 2358 239 2399 Aeeta
258 2358 379 2399 Acad.
402 2358 493 2412 Imp.
514 2359 581 2401 Sc.
600 2362 707 2402 Tom.
727 2361 757 2402 1.
778 2365 821 2402 P.
841 2363 871 2403 I.
1120 2360 1155 2403 C
1191 2375 1212 2401 c
1461 2370 1589 2417 toque
