2029 2750
569 140 683 194 ωὲοἰέ
747 137 762 195 )
802 147 887 189 305
926 135 940 193 (
1006 136 1118 187 3103<-

240 259 273 306 §.
314 266 385 304 39.
443 251 754 306 computemus
790 254 919 292 etiam
956 251 1097 292 locum
1134 251 1301 294 Saturni
1336 266 1412 309 pro
1448 254 1568 295 initio

111 319 385 374 Septembris,
398 331 442 357 ac
456 307 708 370 reperiemus
723 315 1030 368 longitudinem
1045 315 1571 359 SaturniHeliocentricam

108 400 165 425 z
189 385 280 431 112,
306 385 391 432 14⁸7
417 378 453 428 3¹
488 393 582 420 cum
618 379 836 419 latitudine
872 378 1185 420 Heliocentrica
1219 381 1402 422 Australi
1442 386 1499 432 2⁰,
1523 382 1572 422 2¹.

112 449 232 489 Patet
268 447 394 500 igitur
429 443 506 483 hae
543 444 788 496 tempestate
824 443 995 496 planum
1033 444 1174 484 annuli
1204 459 1278 499 per
1296 444 1444 486 Solem
1463 457 1577 486 tran-

113 512 224 553 fiisse.
293 507 601 550 Examinemus
637 509 762 548 etiam
801 506 1109 549 obseruationes
1146 510 1334 564 antiquas
1372 511 1483 550 circa
1502 522 1579 549 no-

113 574 212 616 dum
249 572 537 612 ascendentem
575 572 727 621 saetas,
767 581 813 611 vt
849 585 913 611 eas
960 585 1056 613 cum
1104 574 1331 627 nouisfimis
1385 573 1581 615 obserua-

113 637 294 678 tionibus
331 649 578 689 comparare
624 649 858 689 queamus,
904 636 1012 675 iuter
1058 650 1157 690 quas
1202 638 1462 690 potiffimum
1509 650 1587 693 oc-y

111 701 241 742 currit
278 701 531 753 reapparitio
568 700 707 740 annuli
753 714 775 739 a
819 699 1017 753 Hugeuio
1062 701 1280 742 obseruata
1323 701 1406 742 An.
1458 704 1582 750 1656

111 766 178 806 die
218 777 270 813 13
310 761 461 804 Oe'tob.
499 778 577 818 pro
614 777 698 818 quo
745 773 938 817 tempore
992 774 1080 804 erat
1130 764 1353 818 longitudo
1405 765 1579 807 Saturni

111 829 427 870 Heliocentrica
461 828 758 879 :5³:26⁰‚43¹
795 841 890 869 cum
928 827 1148 869 latitudine
1183 828 1586 882 Boreauz20‚17‘;

114 907 168 934 ex
188 906 272 946 quo
291 903 409 946 patet
446 903 543 934 ante
578 893 659 933 hoc
682 903 845 946 tempus
868 892 1038 947 planum
1076 894 1216 934 annuli
1237 908 1320 934 non
1340 909 1415 948 per
1435 894 1582 935 Solem

114 957 287 998 transire
323 957 525 1011 potuisse,
564 958 672 997 vnde
709 957 850 997 locum
888 954 1218 997 Geocentricum
1255 957 1427 998 Saturni
1463 971 1582 998 com-

113 1023 249 1076 putari
287 1030 468 1075 oportet,
539 1021 762 1072 Reperitur
797 1029 938 1059 autem
975 1032 1052 1072 pro
1087 1020 1169 1060 hoc
1208 1030 1400 1074 tempore
1445 1022 1583 1075 longi-

115 1086 218 1126 tudo
253 1083 360 1124 Solis
397 1085 648 1132 16⁵·,'20⁰,
670 1083 755 1132 46¹,
775 1083 885 1123 vnde
922 1083 1135 1136 colligitur
1169 1084 1394 1137 longitudo
1413 1084 1584 1125 Saturni

115 1147 393 1203 Geocentrica
427 1162 483 1187 Ξ
508 1148 568 1196 5ς·,
593 1150 681 1194 28⁰,
706 1145 802 1195 58¹,
849 1159 953 1199 quae
1006 1160 1105 1187 cum
1156 1147 1204 1187 fit
1257 1149 1394 1189 multo
1446 1150 1590 1197 maior,

113 1224 237 1268 quam
278 1211 343 1261 52,
374 1214 478 1256 200,
515 1212 672 1250 mirum
727 1223 811 1250 uon
866 1211 950 1253 est,
1003 1210 1086 1252 hoc
1139 1221 1332 1266 tempore
1378 1213 1584 1254 annulum

113 1274 283 1318 Saturni
320 1275 560 1328 apparuisse,
606 1287 701 1315 cum
740 1274 874 1314 multo
910 1285 1007 1315 ante
1044 1276 1126 1316 iam
1163 1278 1393 1331 apparuisse
1429 1278 1583 1318 debue-

114 1341 180 1380 rit.
250 1337 415 1378 Verum
468 1339 565 1392 quia
601 1337 681 1378 hoe
737 1349 924 1393 tempore
977 1339 1190 1393 elongatio
1225 1340 1393 1382 Saturni
1429 1358 1451 1382 a
1486 1340 1584 1382 Sole

115 1413 277 1443 tautum
314 1413 402 1442 erat
442 1403 529 1451 21⁰,
550 1402 813 1442 manifestum
851 1404 906 1443 est
943 1414 1042 1444 ante
1078 1405 1159 1445 hoc
1191 1415 1356 1460 tempus
1377 1420 1427 1447 ne
1448 1406 1584 1459 ipsum

114 1466 342 1507 Saturnum
380 1467 547 1518 quidem
585 1468 701 1506 cerui
737 1467 941 1518 potuisse,
993 1469 1053 1506 ita
1093 1479 1139 1507 vt
1174 1481 1227 1508 ex
1263 1469 1339 1509 hac
1393 1470 1585 1510 obserua-

115 1532 231 1571 tione
267 1529 371 1569 nihil
406 1530 453 1570 ad
491 1530 723 1570 institutum
762 1530 948 1570 nostrum
986 1531 1180 1572 concludi
1216 1542 1352 1586 queat.
1435 1530 1587 1573 Caete-

113 1608 206 1634 rum
245 1595 382 1633 nostra
416 1593 605 1634 Theoria
640 1596 725 1634 iam
763 1596 819 1634 ita
854 1595 909 1635 est
964 1595 1242 1646 confirmata,
1301 1606 1349 1636 vt
1399 1596 1584 1637 vberiori

115 1658 440 1698 confirmatione
479 1672 562 1698 non
600 1669 730 1713 egeat.

244 1725 277 1772 ξ.
299 1735 372 1772 40,
415 1723 629 1776 Quoniam
652 1724 815 1765 illustris
835 1724 903 1764 Du
932 1723 1082 1779 Se'jour
1110 1727 1151 1765 in
1180 1739 1308 1779 opere
1337 1724 1436 1766 suo:
1474 1723 1582 1778 Effai

105 1784 180 1839 sur
199 1786 254 1826 les
270 1786 534 1840 phe'nomims
556 1788 711 1844 relacifs
741 1802 825 1829 cmx
853 1788 1109 1844 disput-niens
1136 1791 1392 1844 pe'riodiqnes
1412 1791 1458 1831 de
1477 1790 1583 1830 l'an-

118 1863 218 1890 nean
239 1851 283 1890 de
305 1850 482 1892 Saturne
502 1883 513 1901 ,
550 1864 764 1893 momenta
784 1855 1058 1908 apparitionis
1078 1865 1117 1894 et
1137 1855 1417 1908 disparitionis
1438 1867 1493 1895 ex
1513 1860 1589 1894 'ra-

125 1915 239 1954 tione
259 1916 369 1954 inter
395 1926 533 1955 motus
556 1918 715 1957 medios
744 1916 910 1958 Saturni
931 1929 971 1958 et
1001 1919 1162 1960 Terrae
1192 1920 1321 1959 modo
1351 1919 1443 1960 satis
1473 1920 1594 1972 inge-¹

120 1978 236 2018 nioso
256 1979 459 2019 deriuauit
478 2010 488 2027 ,
525 1981 594 2032 qui
616 1981 795 2021 calculos
818 1995 899 2021 non
925 1996 1074 2036 parum
1104 1984 1301 2024 molestos
1331 1983 1555 2037 postulauit
1573 2012 1584 2031 ‚

121 2043 394 2095 adiungamus
415 2043 672 2097 hicsequeus
702 2046 916 2098 problema
944 2050 1256 2100 geometricum
1275 2078 1286 2097 ,
1330 2048 1446 2088 cuius
1478 2046 1586 2087 solu-

126 2105 186 2145 tio
206 2107 317 2147 viam
337 2108 486 2148 sternet
507 2107 597 2149 satis
618 2108 782 2150 facilem
803 2112 876 2152 ista
896 2122 1114 2152 momenta
1135 2112 1454 2154 determinandi.

664 2169 1039 2229 Problema.

259 2252 302 2293 Si
338 2262 422 2295 tam
455 2258 622 2307 Terra,
660 2271 783 2311 quam
830 2259 1033 2302 Saturnus
1079 2261 1235 2300 orbitas
1281 2258 1498 2299 circulares
1544 2257 1588 2298 in

129 2318 277 2358 codem
317 2319 443 2371 plano
480 2331 598 2361 motu
623 2323 819 2364 vniformi
843 2324 1070 2366 describere
1093 2324 1399 2377 concipiantur,
1418 2322 1587 2363 inuesti-

127 2381 228 2424 Aa«
248 2381 369 2423 Acad.
391 2383 485 2438 Imp.
506 2383 574 2426 Sc.
593 2384 700 2428 Tom.
714 2387 749 2436 ἸΙ.
763 2390 806 2428 P.
827 2387 858 2431 Ι,
1140 2387 1186 2441 Q
1201 2400 1227 2441 (1
1488 2398 1589 2441 gase
