2029 2750
597 161 712 211 »22:ss
774 156 789 213 )
831 155 935 212 11(
999 157 1116 209 ses<-

116 277 318 326 nostrum‚
362 268 606 322 intelligitur
641 276 782 309 tamen
817 281 872 309 ex
915 267 1002 318 ill0,
1039 267 1138 322 quid
1173 266 1400 323 disquisitio
1434 269 1584 325 proba:

117 343 326 383 bilitatum
361 335 410 374 ad
445 332 730 374 diiudicandos
767 332 881 374 casus
915 331 1104 374 conferre
1138 334 1270 388 poffit.
1329 326 1440 375 'lam
1483 347 1586 378 vero

119 416 207 447 rem
240 398 371 454 ipsam
405 398 577 452 propius
613 392 891 450 aggredior&

246 466 281 514 ξ.
322 475 390 501 10.
427 460 572 502 Velim
610 471 704 500 ante
739 462 896 511 omnia,
924 470 972 502 vt
992 461 1177 515 quisquis
1198 461 1440 513 obseruator
1456 464 1587 519 probe

116 529 255 578 secum
289 526 519 580 perpendat
554 535 676 577 atque
712 525 897 565 aestimet
941 527 1179 566 maximum
1223 539 1423 578 errorem,
1460 540 1588 582 quem

117 603 331 644 nunquam
367 589 405 629 se
449 589 824 642 transgressurum,
878 591 1208 643 quotiescunque
1252 590 1588 634 obseruationem

117 663 307 708 repetat,
344 654 556 694 moraliter
593 661 727 692 certus
763 652 811 692 fit
832 683 842 702 ,
879 652 908 693 fi
943 653 1011 693 vel
1046 666 1192 694 omnes
1228 652 1344 694 Deos
1389 653 1586 709 Deasque

115 717 302 759 offendat
337 720 492 768 iratas;
527 716 574 756 fit
610 715 784 769 ipsemet
811 717 1078 756 'dexteritatis
1114 718 1205 757 suae
1227 718 1353 759 iudex
1384 731 1458 759 nec
1477 719 1588 760 seue-

115 794 184 823 rus
220 794 295 822 nec
331 781 514 820 blandus.
583 779 677 819 Nec
711 788 850 819 tamen
886 779 1115 820 admodum
1135 780 1317 819 multum
1351 781 1475 820 refert
1503 783 1586 822 ssue

115 858 351 898 congruum
373 845 453 884 siue
472 843 787 896 quodammodo
807 844 1077 884 temerarium
1096 856 1143 883 ea
1176 843 1227 882 de
1254 855 1298 882 re
1318 842 1458 883 tulerit
1476 844 1584 884 iudi-

116 911 253 950 ci-um:
275 918 366 948 tum
393 908 556 948 radium
593 906 734 946 circuli
770 906 1034 948 moderatoris
1067 907 1190 947 faciat
1223 907 1416 948 maximo
1451 908 1585 948 errori

114 981 451 1027 praememorato
471 970 704 1023 aequalem:
727 969 774 1009 fit
791 971 928 1010 radius
948 971 1019 1011 iste
1037 987 1068 1012 z
1083 984 1104 1012 r
1123 980 1245 1024 atque
1263 972 1386 1024 proin
1406 970 1586 1012 latitudo

116 1037 244 1077 totius
265 1037 401 1088 campi
421 1034 605 1087 ambigui
639 1046 781 1085 :2r;
815 1034 843 1073 fi
878 1033 955 1074 hac
990 1034 1041 1075 de
1066 1048 1110 1075 re
1130 1045 1349 1088 praecepta
1382 1035 1584 1076 desideres

115 1098 309 1140 omnibus
345 1097 678 1138 obseruatoribus
714 1098 976 1148 communia,
1014 1098 1176 1148 suadeo,
1211 1100 1481 1140 vtiudicium
1516 1101 1586 1140 de-

113 1175 232 1203 mum
267 1174 498 1215 componas
535 1162 584 1201 ad
603 1161 720 1215 ipsas.
741 1175 840 1214 quas
873 1161 1031 1213 feceris,
1051 1162 1387 1205 obseruationes:
1423 1163 1585 1204 sienim

115 1225 395 1266 differentiam
432 1227 540 1265 inter
575 1227 674 1266 duas
711 1225 1018 1267 obseruationes
1054 1237 1262 1267 extremas
1298 1227 1497 1280 duplices,
1525 1228 1585 1267 sat

114 1280 237 1339 tuto,
289 1302 382 1330 mea
425 1290 653 1337 sententia,
704 1302 751 1329 ea
795 1291 923 1329 vteris
959 1303 1037 1342 pro
1071 1291 1276 1330 diametro
1312 1289 1455 1330 circuli
1491 1302 1584 1329 mo-

111 1353 311 1393 deratoris
347 1353 444 1401 vel,
481 1353 592 1405 quod
628 1353 776 1391 eodem
813 1353 989 1401 recidit,
1025 1352 1147 1392 facies
1183 1354 1347 1393 radium
1366 1353 1584 1405 aequalem

114 1416 370 1455 differentiae
406 1417 516 1454 inter
550 1415 648 1453 duas
685 1414 992 1455 obseruationes
1027 1426 1234 1456 extremas
1256 1418 1389 1455 :imo
1409 1415 1584 1455 sufficiet

112 1477 276 1518 fortasse
312 1477 596 1530 sesquiplicarc
631 1477 737 1516 hanc
772 1477 1050 1517 differentiam
1095 1479 1145 1517 ad
1189 1477 1452 1520 formandam
1485 1479 1583 1531 ,dia-

113 1551 298 1581 metrum
335 1540 476 1580 circuii
498 1570 508 1589 ,
544 1540 572 1579 si
606 1539 742 1592 plures
789 1541 998 1581 institutae
1042 1540 1198 1582 fuerint
1242 1543 1582 1596 obseruatione53

112 1617 191 1658 ego
226 1605 393 1656 quidem
429 1602 683 1656 duplicarem
717 1617 795 1658 pro
830 1603 958 1644 tribus
994 1604 1062 1646 vel
1105 1616 1284 1659 quatuor
1327 1607 1581 1648 obseruatio-

112 1667 232 1707 nibus
254 1698 264 1717 ,
301 1681 344 1706 ac
380 1667 709 1720 sesquiplicarcm
747 1681 825 1722 pro
860 1668 1078 1721 pluribus:
1130 1670 1199 1710 Ne
1234 1683 1337 1711 vero
1372 1671 1473 1712 haec
1510 1685 1583 1711 va-

111 1732 228 1784 gatio
265 1744 518 1784 quemquam
556 1730 753 1781 offendat,
789 1732 899 1772 haud
935 1733 1003 1773 abs
1039 1747 1083 1774 re
1118 1735 1196 1774 crit
1231 1736 1447 1783 monuisse,
1467 1736 1580 1787 quod

111 1795 140 1834 fi
178 1794 391 1834 infinitum
427 1794 624 1834 faciamus
677 1795 981 1837 semicirculum
1016 1798 1202 1838 nostrum
1238 1799 1583 1850 moderatorem,

113 1867 212 1897 tunc
248 1858 419 1898 demum
456 1859 686 1898 incidamus
722 1860 765 1900 in
799 1860 986 1913 regulam
1022 1862 1304 1902 communiter
1349 1861 1578 1902 adhibitam

112 1933 191 1974 pro
226 1922 366 1961 medio
403 1922 699 1975 arithmetic03
734 1924 761 1965 fi
798 1937 899 1965 vero
920 1924 1124 1965 circulum
1144 1926 1427 1966 diminuamus
1449 1939 1579 1979 quan-

113 1994 204 2024 tum
240 1985 329 2025 fieri
365 1986 517 2039 absque
549 1988 878 2028 contradiffione
913 1990 1060 2041 potest,
1095 1989 1357 2031 obtineamus
1395 1991 1575 2030 mediam

114 2047 222 2088 inter
257 2050 353 2089 duas
391 2050 697 2091 obseruationes
733 2061 954 2102 extremas,
992 2066 1117 2106 quam
1152 2054 1338 2106 regulam
1373 2067 1450 2108 pro
1486 2054 1576 2107 plu-

114 2111 224 2152 ribus
261 2112 616 2156 obseruaiionibus
669 2116 862 2156 institutis
884 2147 895 2165 ,
948 2117 1086 2157 minus
1140 2117 1386 2172 plexumque
1439 2118 1576 2157 fallere

116 2174 231 2223 vidi,
266 2190 390 2229 quam
425 2179 677 2219 credideram
716 2181 902 2221 nondum
940 2182 1154 2235 explorata
1188 2195 1242 2222 re.

244 2240 276 2285 ξ.
319 2253 384 2279 11.
422 2243 498 2282 His
535 2244 730 2285 omnibus
766 2247 1020 2299 praeparatis
1073 2246 1251 2299 denique
1305 2245 1492 2298 superest,
1529 2253 1574 2282 vt

112 2299 263 2352 positio
299 2304 439 2345 circuli
473 2307 745 2350 moderatoris
791 2310 1104 2360 determinetur,
1141 2309 1476 2363 quandoquidem
1530 2307 1571 2344 in

829 2372 863 2413 B
903 2385 925 2410 2
1448 2368 1568 2409 huius
