2029 2750
470 126 479 145 '
610 135 746 189 ,νὲἑέ
812 132 1008 191 )209(
1059 131 1188 184 53³&

172 249 292 292 omni
306 246 549 303 pinguedine
567 247 736 287 animali
756 247 823 286 vel
841 248 1062 299 vegetabili
1084 249 1277 301 saponem
1313 248 1444 291 efficit
1457 281 1478 300 Α,
1515 264 1638 304 quem

160 323 314 360 *tamen
333 311 464 369 perqse
483 309 660 349 solidum
679 308 852 349 reddere
873 322 957 350 non
978 310 1083 351 solet
1103 323 1114 362 3
1150 311 1178 351 si
1198 324 1300 353 vero
1320 313 1430 355 calce
1458 324 1641 365 acuatur,

174 381 264 418 ‘tum
281 372 452 427 aequale
469 372 632 425 pondus
651 370 776 412 Natri
797 381 840 412 et
856 374 1123 428 pinguedinis
1161 376 1408 428 praesertim
1446 378 1474 418 si
1504 377 1645 420 sebum

171 451 291 491 more
307 436 514 478 huiatium
533 434 802 485 adhibeatur,
838 438 1028 480 citissime
1063 440 1149 480 coit
1166 439 1209 479 in
1231 440 1430 494 saponem
1451 443 1646 494 solidum,

159 499 497 550 ⁵efficaciffimum
517 530 528 551 ,
565 512 832 564 nequaquam
852 515 994 544 acrem
1016 533 1028 555 ‚
1063 501 1195 546 verbo
1214 506 1442 560 optimum.

152 671 156 674 ,
295 631 333 680 §-
359 632 430 670 16.
497 626 677 671 Natrum
695 631 939 685 quotidiana
967 633 1054 674 fere
1081 643 1251 676 natutae
1287 638 1536 691 operatione
1571 633 1645 693 gess

151 695 310 753 ‚nerari
328 694 396 735 vel
412 692 555 748 perfici
574 726 586 744 ‚
620 695 842 748 permultis
862 696 1221 743 obseruationibus
1251 710 1295 740 et
1333 704 1642 756 experimentis

155 756 293 813 supra
310 749 906 801 citatorum'Chemiatrorum
928 761 1104 801 constat.
1155 761 1304 803 Etiam
1323 767 1515 810 natiuum
1535 766 1648 821 apud

150 836 246 870 ,nos
266 836 338 876 per
356 835 503 863 omnes
521 823 794 876 perfetstionis-
806 824 970 878 gradus,
989 839 1014 866 a
1033 835 1145 867 terra
1163 825 1289 866 salina
1307 828 1358 869 ad
1377 830 1643 883 purissimum

166 879 391 935 Natmm,'
419 888 658 940 reperitur-3
702 888 814 928 vnde
847 888 1060 930 diuerfitas
1095 890 1167 931 illa
1200 893 1340 932 oritur
1368 923 1379 942 ‚
1414 906 1521 946 quae
1557 906 1647 934 non

167 951 299 991 solum
321 952 432 991 inter
450 950 709 1003 Magnesiam
730 951 795 992 seu
815 961 975 992 terram
998 952 1167 995 salinam
1197 951 1259 1008 (§.
1284 954 1382 1010 13.)
1418 957 1641 1011 ipsumque

167 1012 352 1054 Natrum
373 1044 383 1062 ‚
421 1014 484 1054 sed
504 1015 632 1054 etiarn
652 1016 694 1054 in
713 1014 803 1068 ipso
822 1013 960 1056 Natro
989 1017 1195 1071 depurato
1214 1050 1225 1068 ‚
1253 1031 1348 1076 ¹non
1378 1021 1550 1075 quidem
1578 1022 1646 1062 in·-

167 1078 289 1130 fignis
309 1087 350 1116 et
368 1077 583 1117 essentialis
606 1107 617 1127 ‚
653 1077 718 1118 sed
741 1088 879 1118 tamen
899 1082 1038 1133 quoad
1061 1081 1373 1133 solubilitatem‚
1410 1084 1646 1136 chrystalli-

147 1140 368 1185 ‚sationem
385 1170 398 1188 ‚
442 1141 532 1194 plus
569 1142 708 1182 minus
745 1143 958 1198 copiosam
978 1175 988 1194 ,
1022 1146 1245 1187 acidorum
1289 1147 1602 1202 absorptionem
1624 1177 1637 1198 ,

163 1204 444 1246 fusibilitatem
464 1204 521 1260 (ξ.
547 1203 643 1259 12.)
664 1206 858 1246 notabilis
877 1208 945 1248 est.
1015 1206 1152 1262 Copia
1172 1223 1273 1250 vero
1300 1210 1426 1252 Natri
1445 1241 1456 1261 ‚
1492 1212 1536 1251 in
1567 1211 1643 1253 de·-

144 1267 276 1322 «sertis
307 1267 409 1321 salfis
431 1297 441 1316 ‚
477 1269 670 1321 circaque
703 1269 818 1310 lacus
838 1280 879 1310 et
897 1272 937 1310 in
958 1272 1043 1326 ipsa
1070 1285 1217 1313 eorum
1249 1274 1384 1315 muria
1411 1274 1602 1331 praesens
1622 1306 1634 1326 ,

146 1344 249 1375 ⁴non
274 1345 296 1371 a
313 1330 394 1384 sola
413 1331 500 1372 eius
517 1334 787 1384 generatione
805 1335 1023 1386 primitiua
1041 1337 1188 1377 deduci
1212 1338 1357 1390 debet3
1393 1352 1524 1392 quum
1544 1339 1638 1380 vbi-

149 1407 245 1448 .que
265 1424 275 1441 ‚
310 1407 384 1447 per
403 1395 710 1436 obseruationes
731 1397 891 1437 constet
909 1398 1010 1439 illud
1018 1399 1278 1453 separatione
1297 1402 1364 1442 vel
1382 1403 1636 1444 liberatione

163 1473 187 1498 a
207 1458 351 1498 salibus
372 1459 529 1499 neutris
550 1460 773 1500 muriatico
789 1470 834 1500 et
852 1457 1133 1502 Glauberiano
1150 1465 1329 1516 produci
1358 1477 1399 1506 et
1428 1467 1636 1520 multipli-

147 1525 259 1567 cari.
332 1523 420 1562 lam
439 1523 608 1562 dudum.
626 1523 935 1578 perspexerunt
969 1524 1167 1566 Chemici
1203 1528 1353 1568 caloris
1391 1531 1432 1570 vi
1470 1540 1638 1584 partem

163 1586 268 1626 acidi
288 1586 430 1626 salium
452 1596 698 1627 neutrorum
718 1589 908 1642 djffipari.
994 1589 1230 1646 Roressalfi
1248 1623 1258 1642 ,
1294 1606 1400 1646 quos
1429 1595 1472 1633 in
1501 1594 1636 1636 deser-

163 1650 214 1689 tis
234 1651 380 1689 nostris
399 1649 522 1690 Nati-i
543 1650 782 1704 adspergine
811 1652 963 1694 ditibus
994 1654 1145 1708 vulgus
1175 1655 1412 1698 Obseruauit
1432 1688 1443 1706 ‚
1481 1658 1638 1698 confir-

146 1724 327 1756 ‚marunt
348 1713 680 1767 Peregrinatores
706 1716 755 1755 ab
776 1715 838 1756 Ill.
859 1716 1094 1759 Academia
1111 1721 1153 1759 in
1173 1721 1367 1773 regiones
1388 1722 1482 1761 istas
1515 1722 1635 1771 missi,

160 1777 210 1816 ab
230 1778 348 1817 acido
368 1778 519 1820 horum
540 1777 683 1818 salium
705 1808 716 1827 ‚
753 1780 913 1820 volatili
941 1781 1050 1822 fac‘to
1069 1813 1080 1832 ,
1117 1784 1284 1824 videtur
1311 1785 1424 1824 oriri.
1497 1784 1546 1825 In
1573 1785 1637 1826 lo-

162 1841 219 1880 cis
239 1840 308 1879 vbi
329 1841 422 1881 salia
455 1841 736 1892 efflorescunt,
772 1857 848 1897 per
867 1845 1044 1886 odorem
1093 1847 1130 1887 se
1164 1848 1306 1900 prodit
1334 1848 1500 1889 acidum
1520 1849 1636 1900 salis,

159 1905 312 1957 partim
335 1918 406 1957 per
426 1904 608 1945 calorem
629 1935 640 1954 ‚
676 1908 831 1960 partim
861 1920 1006 1949 mutua
1033 1912 1195 1951 ac‘tione
1223 1912 1486 1953 diuersorum
1523 1914 1634 1954 inter

161 1967 198 2007 se
221 1967 363 2007 salium
385 1999 394 2015 ,
430 1968 673 2022 pracsertim
704 1969 923 2012 Vitriolici
953 1974 1059 2015 acidi
1102 1976 1145 2014 in
1176 1973 1457 2017 Glauberiano
1488 1977 1567 2018 sale
1594 1986 1637 2018 et

161 2031 304 2084 argilla
338 2034 525 2072 contenti
548 2063 557 2074 ,
604 2034 778 2075 volatile
815 2036 982 2076 fac‘tum.
1051 2038 1233 2080 Accedit
1251 2069 1262 2089 ,
1299 2042 1411 2094 quod
1446 2040 1635 2082 Natrum

151 2096 351 2136 „maxime
368 2097 408 2136 in
427 2097 734 2140 australioribus
756 2099 922 2140 desertis
950 2102 1072 2143 detur
1091 2133 1101 2153 ,
1136 2115 1190 2144 eo
1225 2105 1434 2158 copiofius
1469 2106 1635 2160 purius-

163 2169 244 2208 que
264 2188 274 2204 ‚
310 2173 394 2213 quo
414 2162 543 2213 magis
563 2161 692 2203 calori
706 2164 951 2220 ⁸eit-positum
971 2167 1025 2208 est
1056 2167 1188 2208 solum
1210 2199 1221 2210 .
1255 2181 1342 2221 quo
1370 2169 1564 2221 parciora
1590 2175 1632 2207 et

165 2222 295 2273 magis
315 2223 488 2276 dispersa
504 2224 614 2267 Salia
631 2225 788 2269 habent
809 2259 820 2278 ‚
855 2242 1025 2284 quoque
1042 2233 1183 2272 minus
1203 2233 1384 2286 depressa
1404 2231 1494 2270 sunt
1522 2229 1627 2269 loca.

164 2282 372 2337 Accedit,
408 2289 520 2342 quod
538 2289 866 2334 efflorescentiae
888 2291 1036 2337 salinae
1072 2297 1221 2338 aestate
1255 2295 1386 2349 magis
1422 2292 1632 2334 natrosam

162 2346 263 2388 Acta
282 2347 406 2389 Acad.
427 2349 521 2406 Imp.
540 2351 608 2393 Sc.
628 2353 736 2399 Tom.
757 2356 786 2399 Ι.
808 2359 853 2397 Ρ.
872 2356 904 2397 1.
1193 2357 1235 2400 D
1263 2358 1289 2398 d
1532 2354 1635 2398 iudo
