2029 2750
859 163 976 218 »eote
1041 161 1056 220 )
1096 160 1241 219 266(
1307 162 1425 216 ἓξ..

404 279 529 325 refcrt
548 293 559 334 ;
594 278 687 322 sunt
706 286 850 320 tamen
870 277 1074 333 quaedam
1094 278 1192 320 huic
1212 277 1360 333 speciei
1382 274 1567 331 propria.
1613 270 1749 317 Color
1766 276 1882 318 enirn

404 347 535 389 totius
557 345 718 386 sordide
739 345 867 393 albus,
915 344 1104 384 admixta
1123 357 1255 397 pauca
1274 343 1503 390 flauedine‚
1539 354 1673 395 neque
1692 354 1883 396 vnquam

402 411 611 452 maculata
630 408 896 463 conspicitur.
966 407 1045 448 Pili
1066 408 1157 448 sunt
1183 407 1399 460 ploxiores
1414 439 1424 456 ‚
1461 419 1546 447 non
1566 406 1738 460 apprefli
1761 437 1771 456 ,
1816 406 1885 455 sed

400 475 544 524 erecti,
580 474 822 528 praesertim
842 485 946 513 vero
965 473 1007 511 in
1028 471 1259 511 iunioribus
1278 471 1522 524 prolixitate
1555 471 1734 511 mollitie
1756 481 1882 524 atque

406 539 597 580 albedine
618 538 725 591 pilos
746 538 958 591 leporinos
979 536 1198 575 imitantur
1219 547 1229 587 3
1265 537 1374 576 vnde
1395 536 1503 577 ratio
1521 535 1882 577 denominationis

404 603 524 644 facile
543 612 656 654 patet
677 599 745 656 (a).

536 662 678 718 Caput
698 677 784 704 non
806 674 890 704 tam
913 677 1133 718 magnum,
1169 664 1310 718 prouti
1332 664 1372 703 in
1402 663 1540 717 phoca
1560 662 1786 715 Oceanica,
1817 664 1885 706 scd

402 728 647 782 elongatum
668 729 748 780 est3
777 728 940 769 labrum
962 728 1149 782 superius
1170 730 1300 783 magis
1324 729 1534 769 tumidum
1565 738 1607 769 et
1629 729 1752 770 instar
1771 730 1884 769 vitu-

400 794 475 834 lini
496 793 684 833 crassum.
743 790 871 833 Oculi
892 793 1226 834 coerulescentes
1241 825 1250 839 ,
1288 793 1447 847 pupilla
1467 794 1605 847 nigra,
1642 794 1788 834 dentes
1810 807 1887 834 nu—

400 871 522 900 mero
542 867 584 898 et
603 858 752 899 ordine
772 858 951 898 omnino
971 857 1063 897 sunt
1084 868 1129 898 vt
1149 859 1190 897 in
1220 858 1358 912 phoca
1388 857 1602 899 Oceanica
1625 871 1636 909 ς
1670 857 1807 898 multo
1827 868 1887 898 ta-

399 936 501 965 men
521 922 745 963 validiores
766 935 777 973 ;
813 923 869 964 ast
888 922 1080 963 vibriffae
1101 922 1185 962 alio
1226 923 1356 963 modo
1376 923 1455 963 sese
1474 922 1630 963 habent
1649 935 1659 973 ς
1695 923 1886 964 constant

400 987 517 1029 enim
548 986 791 1039 quindecim
828 987 1043 1026 ordinibus
1074 986 1250 1027 setarum
1273 1018 1283 1035 ,
1320 1001 1424 1040 quae
1453 988 1601 1028 crassae
1639 986 1886 1040 validaeque

400 1051 496 1092 sunt
515 1061 558 1091 et
587 1051 842 1091 anteriorem
871 1059 1034 1102 partem
1066 1048 1168 1088 labri
1200 1050 1423 1103 superioris
1457 1052 1644 1104 vndique
1664 1051 1854 1093 obfident
1872 1081 1885 1103 ‚

399 1114 502 1155 hinc
521 1113 660 1168 phoca
677 1113 779 1153 haec
799 1112 912 1165 quasi
932 1112 1104 1151 barbata
1130 1122 1313 1165 apparet.

536 1176 717 1217 Brachia
735 1175 874 1216 multo
892 1174 1095 1215 debiliora
1115 1175 1219 1222 sunt,
1247 1176 1410 1228 palmae
1427 1177 1572 1217 breues
1594 1179 1825 1218 coartstatae
1843 1189 1886 1220 et

403 1242 517 1298 quasi
538 1241 749 1295 abruptae.
820 1239 1075 1279 Membrana
1094 1238 1331 1292 plantarum
1353 1239 1509 1290 digitos
1529 1243 1676 1280 vniens
1707 1243 1885 1285 minime

402 1307 605 1355 lunulata,
619 1305 687 1346 sed
706 1305 892 1358 vndique
913 1302 1094 1356 aequalis
1113 1302 1183 1353 est3
1197 1302 1327 1341 cauda
1345 1301 1529 1347 breuior,
1550 1305 1715 1348 craffior
1728 1314 1884 1346 tamen.

535 1370 860 1412 Euidentiffima
888 1377 1031 1408 autem
1061 1366 1335 1407 distinctionis
1367 1376 1467 1406 nota
1504 1367 1685 1407 consistit
1716 1367 1758 1406 in
1798 1369 1889 1422 ipso

404 1439 540 1484 corio,
561 1435 674 1489 quod
696 1432 932 1488 quadruplo
952 1432 1116 1472 craffius
1138 1432 1194 1471 est
1212 1443 1224 1481 3
1253 1431 1371 1470 corio
1393 1430 1554 1484 phocae
1575 1428 1827 1480 Ocemucae,
1846 1442 1889 1474 et

404 1500 578 1542 animali
598 1511 741 1540 recens
762 1495 900 1538 occiso
930 1495 1162 1536 detractum
1183 1492 1239 1536 V.
1259 1495 1386 1536 lineas
1407 1496 1598 1536 crassum.
1643 1495 1821 1552 Reliqua
1838 1505 1887 1538 vt

402 1565 448 1608 in
469 1565 611 1620 phoca
631 1560 856 1604 Oceanica.

536 1628 725 1669 Phocam
746 1625 1007 1681 Leporinam
1026 1626 1074 1667 ab
1094 1625 1183 1667 aliis
1204 1625 1435 1668 distinctam
1457 1625 1634 1668 nullibi
1623 1626 1878 1678 inuenimus‚

406 1690 620 1736 cranzius
642 1702 783 1732 tamen
802 1690 970 1732 videtur
988 1704 1080 1732 eam
1101 1705 1196 1732 cum
1217 1691 1357 1745 phoca
1378 1689 1592 1732 Oceanica
1611 1690 1884 1741 confundisse,

405 1769 455 1800 vt
474 1757 597 1812 supra
616 1756 924 1798 adnotauimus.
946 1753 1140 1796 Olafsens
1161 1757 1201 1796 in
1222 1756 1370 1797 itinere
1390 1756 1597 1797 Islandico
1623 1755 1680 1796 T.
1700 1754 1886 1797 XXXII.

405 1822 494 1876 Fig.
519 1836 557 1862 2.
583 1836 676 1863 eam
697 1821 767 1862 sub
788 1822 961 1862 nomine
974 1819 1128 1876 phocae
1147 1821 1319 1862 iunioris
1336 1820 1485 1876 Kopur.
1506 1820 1715 1876 depictam
1734 1819 1884 1869 sistere,

408 1901 464 1930 ex
483 1889 605 1928 icone
625 1886 779 1927 collato
799 1885 917 1927 facile
935 1896 1062 1941 patet.

538 1952 681 1992 Phoca
716 1951 926 2005 Leporina
970 1951 1176 1991 occiditur
1222 1961 1397 2005 propter
1439 1951 1605 2006 adipem
1635 1959 1677 1992 et
1706 1949 1883 1990 corium.

407 2013 553 2068 Adeps
578 2015 701 2067 ipsius
722 2016 860 2055 eidem
880 2015 967 2055 vsui
987 2016 1159 2056 inseruit
1180 2029 1225 2056 ac
1245 2016 1407 2069 phocae
1430 2014 1688 2065 Oceanicae3
1719 2013 1886 2053 corium

409 2091 512 2120 vero
533 2077 587 2118 ob
608 2077 852 2119 firmitatem
875 2089 917 2118 et
937 2080 1242 2120 craffitudinem
1264 2080 1376 2121 suam
1397 2080 1595 2120 scinditur
1613 2079 1654 2118 in
1675 2077 1785 2117 linea
1806 2075 1885 2130 spi-

410 2143 488 2191 rali
502 2143 770 2197 pondereque
792 2142 970 2194 appenso
992 2143 1035 2180 in
1057 2145 1210 2182 rectam
1231 2144 1424 2196 dirigitur
1442 2153 1485 2183 et
1505 2144 1554 2182 ad
1572 2143 1663 2183 lora
1682 2141 1885 2182 habenas-

403 2221 485 2263 que
514 2207 744 2248 adhibetur.
783 2205 1003 2245 Iunior-um
1024 2216 1164 2245 autem
1189 2205 1318 2259 pelles
1344 2206 1600 2259 subiguntur,
1636 2206 1792 2259 pilique
1825 2206 1887 2246 ni-

406 2285 485 2327 gro
515 2271 761 2312 imbuuntur
779 2270 931 2311 colore.
980 2269 1056 2309 His
1076 2270 1342 2312 obducuntur
1360 2280 1557 2311 externae
1579 2280 1758 2323 mytrae,
1778 2282 1885 2323 quae

407 2337 728 2390 quodammodo
748 2335 870 2390 pelles
899 2335 1100 2375 castorcas
1129 2335 1377 2387 imitantur3
1413 2334 1479 2375 sed
1514 2335 1588 2390 pili
1625 2334 1763 2376 multo
1793 2333 1888 2374 sunt

407 2401 597 2455 rigidires
618 2431 628 2441 .
666 2400 849 2455 tempori
870 2409 1010 2440 tamen
1030 2399 1155 2455 longe
1182 2400 1369 2442 resistunt
1399 2413 1475 2441 nec
1506 2400 1623 2442 facile
1652 2409 1885 2440 atteruntur

407 2476 478 2505 aut
498 2464 697 2549 defluunt
1663 2459 1888 2504 ASTRO-

416 2548 465 2555 „e—
883 2549 923 2553 *
1001 2550 1015 2553 -
1071 2550 1156 2553 *lime

458 2586 512 2639 (a)
539 2587 625 2624 Tab.
639 2588 695 2625 IX.
710 2586 786 2624 sistit
798 2588 944 2638 phocam
956 2589 1163 2640 leporinam
1156 2602 1320 2627 iuniorem
1333 2615 1346 2639 ,
1376 2601 1461 2640 quae
1477 2601 1510 2634 3
1533 2586 1605 2638 ped.
1625 2586 1724 2635 longa
1750 2585 1807 2623 est.
