2029 2750
592 127 704 177 -Q-{ss
768 127 783 185 )
824 134 908 181 183
946 125 962 185 ζ
1027 129 1142 181 ἳῗῖω

135 244 243 286 rides
265 244 658 284 transmitterentur:
678 253 812 296 neque
831 243 956 295 igitur
974 254 1028 283 ex
1047 246 1128 284 hoc
1150 246 1446 298 experimento
1459 246 1593 289 Vllum

135 319 427 362 argumentum
448 315 594 346 contra
612 304 871 345 validitatem
894 317 1009 346 meae
1033 306 1257 350 sententiae
1277 311 1363 363 peti
1391 311 1538 365 potest.

638 393 969 456 Obieefio
1009 418 1062 457 2.

262 486 294 535 §.
318 495 386 523 22.
438 481 680 525 Maximam
711 490 850 526 autem
869 486 958 526 vim
979 488 1026 528 ad
1047 487 1294 542 opinionem
1320 502 1459 531 meam
1480 501 1602 534 euer-

133 547 298 591 tendam
317 548 549 601 suppeditat
570 548 652 588 fine
672 549 800 589 dubio
827 548 1077 592 feliciffimus
1114 551 1335 603 successus,
1365 567 1450 608 quo
1484 556 1600 598 idem

131 609 280 652 artifex
298 610 522 652 Dollondus
559 620 645 651 tam
679 614 844 666 egregia
878 613 1097 668 telescopia
1116 617 1349 657 construxit
1370 648 1381 667 ,
1416 632 1520 671 quae
1547 620 1598 661 ab

130 676 247 716 omni
267 673 507 715 confusione
526 674 717 715 colorum
748 678 953 717 immunia
981 678 1365 731 deprehenduntur,
1384 681 1438 721 ob
1466 695 1594 735 quarn

127 739 336 779 rationem
379 740 505 779 etiam
565 738 837 780 achromatica
881 740 1078 792 appellari
1121 742 1264 782 solent.
1349 743 1438 784 Nifi
1482 747 1597 787 enim

130 802 300 843 assumta
321 802 390 842 illa
407 801 664 854 dispersionis
685 804 792 843 ratio
831 816 854 841 2
870 817 878 842 t
896 815 935 852 3,
956 803 1022 843 cui
1040 803 1140 844 haec
1161 805 1380 857 telescopia
1409 806 1500 846 sunt
1533 809 1597 849 su-

128 867 365 919 perstructa,
386 866 551 905 veritati
571 867 668 906 esset
694 867 984 916 consentanea,
1013 875 1099 906 tam
1118 877 1371 921 exoptatum
1401 869 1598 922 effectum

127 930 361 983 producere
397 941 480 968 non
518 930 723 981 potuiffet.
793 929 961 971 Verum
996 940 1143 971 contra
1168 931 1277 972 hanc
1315 931 1599 975 obiectionem

129 993 341 1047 sequentia
360 992 604 1046 respondeo.

257 1103 292 1150 ξ.
315 1113 385 1149 23.
452 1097 596 1141 Primo
616 1101 784 1155 quidem
803 1101 887 1143 sine
904 1100 988 1143 vlla
1005 1101 1275 1145 haesitatione
1293 1104 1493 1152 concedo,
1521 1117 1595 1157 per

127 1163 202 1204 ista
220 1164 442 1217 telescopia
461 1165 621 1206 obiecta
639 1167 722 1206 sme
756 1166 845 1207 vilo
864 1168 1050 1220 margine
1069 1167 1258 1208 colorato
1285 1168 1600 1221 repraesentari,

130 1227 174 1267 in
210 1241 295 1281 quo
322 1229 468 1280 vtique
503 1231 726 1282 praecipua
760 1243 907 1269 eorum
942 1231 1176 1283 proprietas
1212 1232 1398 1271 cernitur
1417 1245 1424 1268 ε
1462 1243 1599 1284 neque

129 1300 268 1331 tamen
291 1291 447 1330 idcirco
467 1305 640 1331 omnem
661 1292 970 1341 confusionem,
991 1305 1095 1344 quae
1115 1305 1170 1333 ex
1191 1294 1352 1334 diuersa
1380 1293 1600 1334 radiorum

128 1353 374 1394 refractione
393 1354 583 1402 nascitur,
604 1356 765 1408 penitus
786 1355 878 1395 tolli
898 1353 1060 1397 censeo,
1096 1355 1144 1396 In
1172 1357 1380 1410 dioptrica
1400 1358 1514 1396 enim
1534 1357 1600 1398 lu-

131 1417 316 1457 culenter
335 1418 629 1467 demonstraui,
650 1419 775 1458 etiam
795 1430 876 1470 ope
896 1420 1019 1459 vnius
1053 1422 1216 1471 generis
1250 1420 1350 1459 vitri
1391 1421 1599 1461 eiusmodi

129 1481 400 1521 instrumenta
428 1482 561 1534 parari
581 1482 709 1534 posse,
730 1493 835 1534 quae
863 1481 1025 1521 nullum
1056 1482 1276 1534 vestigium
1307 1483 1504 1534 marginis
1523 1495 1597 1522 co·

128 1542 250 1584 lorati
269 1546 442 1597 pariant,
464 1556 584 1597 atque
604 1544 706 1584 adeo
734 1544 907 1594 ostendi,
934 1544 1152 1597 quomodo
1183 1545 1332 1597 quouis
1353 1544 1442 1584 casu
1464 1544 1597 1586 lentes

132 1606 316 1648 oculares
336 1607 497 1660 disponi
519 1616 725 1661 oporteat,
739 1617 786 1647 vt
803 1607 1011 1661 apparitio
1029 1608 1142 1648 circa
1160 1609 1393 1660 marginem
1415 1607 1599 1649 obiecto-

128 1683 222 1712 rum
242 1671 409 1723 prorsus
429 1671 653 1711 euanescat.
690 1671 771 1710 Hic
791 1671 942 1711 scilicet
961 1670 1130 1711 effec'tus
1150 1671 1378 1721 obtinetur,
1400 1671 1428 1710 fi
1448 1664 1596 1712 omnes

128 1734 231 1774 radii
250 1736 430 1774 extremi
452 1765 462 1782 ‚
499 1735 766 1787 quantumuis
788 1734 928 1774 colore
949 1748 970 1773 a
989 1734 1026 1775 se
1055 1735 1238 1775 inuicem
1269 1734 1515 1786 discrepent,
1535 1736 1594 1775 se-

132 1797 314 1836 cundum
335 1798 509 1837 eandem
530 1798 806 1838 direc‘tionem
823 1799 867 1837 in
896 1797 1066 1838 oculum
1103 1798 1438 1838 intromittantur
1459 1811 1470 1849 3
1506 1809 1599 1839 tum

132 1860 244 1900 euim
258 1858 300 1898 hi
320 1860 437 1908 radii,
450 1869 545 1900 vtut
561 1860 723 1909 diuersi,
737 1861 925 1902 colorem
949 1861 1180 1901 naturalem
1198 1860 1469 1909 exhibebunt,
1484 1863 1540 1902 ita
1549 1870 1598 1903 vt

131 1923 294 1962 obiecta
311 1923 415 1962 bene
435 1924 654 1963 terminata
673 1922 856 1977 conspici
877 1925 1044 1977 queant.
1075 1915 1448 1978 Quemadmodum
1470 1926 1598 1979 igitur

131 1986 205 2026 iste
239 1984 408 2026 effectus
443 1999 516 2039 per
563 1987 758 2027 idoneam
792 1987 970 2028 lentium
1006 1987 1242 2028 ocularium
1278 1988 1596 2042 dispositionem

132 2050 311 2089 obtineri
332 2059 469 2103 queat,
489 2051 530 2089 in
546 2049 770 2104 Dioptrica
788 2064 883 2091 mea
902 2051 1026 2092 fufius
1044 2051 1328 2105 explicaui,ac
1347 2064 1426 2105 pro
1446 2045 1599 2106 quouis

135 2112 226 2151 casu
244 2111 445 2153 formulas
465 2113 653 2163 exhibui,
673 2127 772 2167 quas
793 2116 940 2157 tamin
968 2114 1202 2173 telescopiis
1229 2127 1356 2170 quam
1375 2116 1602 2157 microscoe

136 2174 215 2227 piis
233 2175 441 2219 obseruari
459 2178 614 2220 necesse
634 2177 704 2220 est.

1451 2327 1490 2376 ς.
1530 2321 1605 2385 24}⁸
