2029 2750
601 135 1158 194 &3MW(Q·

140 240 1608 310 ψῷᾦὴῷψψᾴῷῲψᾲψψψψῷψ

818 353 917 398 DE

241 445 679 526 NATRO
744 444 1499 521 RVTHENICO

485 561 1255 617 OBSERVATloNEs

743 698 1015 740 Auctore

618 793 650 836 1.
703 794 752 836 G.
805 790 1114 836 GEORGL

786 926 820 974 §-
895 936 934 964 1,

132 980 381 1116 Omnes
399 1027 719 1082 Minerographi
739 1040 825 1068 vno
854 1041 927 1070 ore
957 1027 1197 1070 affirmant:
1234 1022 1345 1067 Salia
1373 1034 1415 1067 et
1443 1022 1605 1068 Salinas

294 1092 498 1149 quaslibet
516 1091 753 1134 substantias
773 1123 783 1142 ,
820 1093 960 1146 quales
982 1107 1024 1134 v.
1042 1105 1101 1146 gr.
1124 1088 1315 1145 Gypsum
1345 1090 1399 1131 est
1421 1121 1433 1136 2
1469 1090 1603 1133 stratis

128 1167 433 1201 montanorum
470 1157 646 1198 tractum
690 1156 947 1210 colliumque
983 1153 1314 1197 horizontalibus
1351 1164 1493 1195 ortum
1529 1154 1603 1196 de-

127 1223 239 1264 bere.
308 1221 540 1276 Quumque
576 1221 809 1274 Imperium
858 1221 1143 1262 Ruthenicum
1180 1228 1347 1259 catenae
1384 1213 1599 1260 montium

126 1286 280 1338 vbique
300 1285 369 1324 vel
386 1294 631 1338 percurrant
650 1315 660 1325 .
695 1283 763 1323 vel
782 1284 937 1324 limites
961 1284 1146 1325 eiusdem
1177 1281 1431 1323 constituant
1448 1313 1461 1332 ,
1512 1297 1602 1324 ma-

126 1351 264 1390 ximas
284 1361 453 1401 quoque
474 1348 515 1386 in
537 1348 841 1400 promontoriis
863 1348 1105 1389 stratificatis
1136 1343 1325 1403 (Flo'tze)
1357 1345 1504 1388 salium
1536 1346 1598 1388 di-

125 1413 252 1454 vitias
270 1411 446 1452 obtinet.
514 1410 686 1452 Montes
708 1411 837 1453 saxofl
857 1412 906 1452 ab
926 1414 1144 1453 occidente
1163 1411 1291 1451 maris
1309 1409 1496 1462 glacialis
1521 1425 1599 1465 per

126 1476 388 1518 Fennoniam
409 1475 677 1516 imminentes
713 1475 809 1516 inde
841 1476 890 1515 ad
926 1474 1129 1516 Vralense
1166 1473 1312 1526 iugum
1349 1470 1604 1526 deprimitur

125 1541 326 1595 quidem,
364 1540 556 1592 nullaque
577 1540 626 1579 ad
655 1538 812 1580 boreali
836 1548 954 1592 parte
985 1539 1106 1580 strata
1142 1536 1425 1578 horizontalia
1460 1549 1599 1591 neque

123 1603 218 1646 salia
237 1603 390 1658 prodit.
460 1601 703 1644 Secundum
723 1602 848 1642 ficum
865 1616 967 1644 vero
986 1602 1173 1643 borealia
1201 1600 1271 1640 illa
1297 1603 1599 1654 promontoria

122 1669 244 1709 strata
273 1667 342 1709 sua
374 1666 496 1720 plana
533 1667 574 1706 ir.
612 1665 832 1708 Oceanum
868 1667 1086 1720 glacialem
1123 1664 1346 1706 demittere
1382 1664 1594 1707 videntur,

123 1727 321 1784 Cumque
341 1730 422 1771 hoc
441 1730 526 1784 ipsa
545 1744 587 1771 re
606 1740 647 1771 et
665 1745 742 1785 per
761 1731 995 1785 analogiam
1025 1743 1121 1771 cum
1158 1737 1303 1769 natura
1338 1725 1455 1767 fundi
1491 1728 1599 1768 alio-

121 1808 216 1836 rum
248 1795 429 1834 marium
459 1794 822 1835 verosimillimum
857 1795 1004 1835 euadat
1025 1824 1037 1844 ,
1082 1793 1206 1847 possit
1243 1791 1342 1831 inde<
1367 1790 1475 1832 forte
1505 1806 1592 1833 non

123 1858 260 1898 minus
282 1857 386 1898 bene
406 1888 417 1908 ,
457 1870 580 1910 quam
611 1872 684 1911 per
714 1858 810 1899 alias
838 1856 1087 1912 hypotheses
1108 1888 1120 1906 ,
1155 1855 1249 1896 salsa
1278 1865 1424 1895 natura
1451 1855 1593 1911 Pelagi

122 1921 337 1976 explicari.
424 1918 567 1961 Colles
604 1922 830 1962 stratificati
865 1921 1093 1962 Waldaiici
1131 1919 1353 1960 meridiem
1387 1919 1528 1960 versus
1563 1934 1588 1960 a

122 1984 335 2038 montibus
356 1984 529 2025 fennicis
549 1985 740 2038 produfti
760 2016 772 2030 ‚
806 1985 1080 2026 occidentalia
1095 1996 1229 2039 porro
1255 1983 1379 2023 strata
1405 1981 1587 2025 Vralcn-

122 2049 170 2091 fis
190 2049 273 2101 iugi
294 2049 334 2088 in
355 2049 570 2102 planitiem
593 2049 631 2090 se
649 2048 894 2103 explicantis
917 2079 927 2098 ‚
964 2047 1219 2101 Caucafique
1237 2056 1278 2086 et
1307 2044 1588 2100 Carpathicae

122 2122 288 2153 catenae
306 2113 445 2155 versus
463 2113 789 2166 septentrionem
809 2112 1030 2167 explanata
1049 2143 1061 2161 ‚
1095 2125 1202 2165 qua-e
1228 2111 1445 2164 regionem
1475 2112 1585 2151 circa

123 2187 237 2215 mare
263 2177 426 2230 nigrum
447 2209 458 2227 ‚
492 2177 658 2218 Tanain
678 2187 720 2218 et
748 2175 895 2217 Istrum
931 2186 1166 2229 occupant⁷
1200 2175 1451 2227 tandemque
1486 2174 1582 2226 iuga

126 2249 165 2276 et
184 2250 427 2292 praeruptae
446 2242 557 2295 ripae
577 2242 687 2281 circa
702 2238 949 2294 VVolgenses
984 2240 1138 2281 fluuios
1172 2238 1319 2279 salibus
1354 2237 1395 2276 in
1430 2248 1585 2289 genere

123 2301 366 2350 abundant3
399 2315 577 2355 quorum
612 2317 705 2357 pars
742 2317 818 2357 per
851 2303 1212 2351 stararuffienses,
1247 2299 1581 2350 Solykamicnses

809 2367 844 2407 B
864 2368 890 2405 b
929 2379 952 2413 g
1458 2373 1580 2416 atque
