2029 2750
911 163 1027 215 052³.ss
1092 160 1107 218 )
1146 161 1284 218 366(
1350 162 1466 214 ἓὶεέω

601 280 632 328 ξ.
673 287 743 325 34.
811 274 933 317 Licet
968 273 1152 318 Cometa
1185 277 1302 318 Anni
1344 287 1463 327 1770
1500 289 1584 317 non
1620 277 1667 318 fit
1694 289 1747 319 ex
1767 289 1917 320 eorum

448 352 658 389 numero,
711 340 782 393 qui
833 340 876 379 in
923 341 1090 382 transitu
1127 355 1203 395 per
1238 343 1396 382 nodum
1434 342 1573 382 telluri
1607 342 1728 382 valde
1765 333 1946 396 appross'

447 405 658 458 pinquare,
694 403 888 457 pofl‘unt3
940 414 1080 445 tamen
1118 407 1229 446 inter
1264 419 1411 446 omnes
1447 405 1643 446 haeftenus
1680 406 1918 447 obseruatos

446 465 674 516 Comei-as,
710 467 846 508 nullus
881 469 937 509 est
972 469 1022 509 de
1057 482 1144 522 quo
1181 470 1354 517 constet,
1391 470 1503 522 quod
1539 470 1711 522 propius
1748 471 1798 510 ad
1835 479 1918 510 ter-

445 544 537 573 ram
583 531 806 572 accesserit.
875 531 1022 586 Quum
1058 532 1215 573 scilicet
1251 533 1463 586 elongatio
1498 532 1694 573 Perihelii
1732 548 1754 573 a
1787 533 1920 574 Nodo

446 593 723 634 descendente
759 594 806 634 fit
839 593 924 636 fere
960 598 1051 646 44⁰,
1102 598 1181 637 erit
1216 597 1405 637 distantia
1441 593 1648 637 Cometae
1683 611 1705 636 a
1740 596 1837 637 Sole
1873 599 1918 638 in

443 656 576 698 Nodo
609 668 935 710 :0,77043‚
986 661 1165 714 ideoque
1210 658 1392 702 Cometa
1436 662 1479 699 in
1525 658 1654 700 Nodo
1695 659 1744 700 ab
1779 661 1918 702 orbita

445 720 604 763 telluris
641 722 732 762 satis
769 724 847 763 erit
885 734 1085 765 remotus.
1153 723 1215 765 At
1249 735 1391 765 tamen
1427 736 1558 778 quum
1593 723 1811 764 inclinatio
1847 737 1918 765 or-

443 786 553 827 bitae
589 786 711 828 huius
749 783 955 828 Cometae
988 789 1037 828 ad
1072 788 1326 842 Eclipticam
1363 788 1410 828 fit
1445 789 1549 828 adeo
1584 789 1749 841 exigua,
1785 798 1831 827 vt
1855 789 1920 828 in-

443 860 509 892 ter
542 850 650 904 ipsos
686 849 900 901 Planetas,
940 861 1104 905 praeter
1139 852 1311 901 Iouem,
1348 853 1570 906 quisquam
1607 864 1691 891 non
1728 851 1775 892 fit
1797 882 1807 901 ‚
1843 853 1915 906 qui

442 913 656 954 minorem
692 914 842 954 habeat
876 916 1195 957 inclinationem
1231 917 1416 965 orbitae,
1452 916 1543 956 fieri
1578 917 1723 968 vtique
1757 916 1914 968 potest,

441 986 490 1016 vt
523 976 593 1015 hic
631 975 814 1016 Cometa
848 979 1067 1017 interuallo
1103 994 1125 1017 a
1158 980 1289 1020 Nodo
1325 981 1416 1020 satis
1453 993 1606 1033 magno
1643 980 1692 1020 ad
1727 979 1913 1019 Telluris

442 1037 622 1077 orbitam
659 1037 781 1076 valde
816 1051 950 1090 prope
986 1040 1180 1080 accedere
1218 1052 1373 1094 queat,
1407 1045 1519 1093 quod
1555 1044 1721 1084 euenire
1757 1044 1914 1083 necesse

442 1101 513 1147 est,
550 1099 718 1152 quando
753 1099 942 1138 distantia
969 1098 1175 1140 Cometae
1212 1117 1234 1141 a
1268 1103 1365 1143 Sole
1401 1108 1578 1156 aequalis
1615 1107 1662 1146 fit
1695 1107 1911 1146 distantiae

439 1163 585 1220 punct-i
621 1161 980 1216 correspondentis
1015 1164 1057 1203 in
1094 1163 1228 1203 orbita
1263 1167 1456 1205 terrestri.
1509 1168 1618 1209 Hinc
1649 1171 1744 1222 qnia
1781 1169 1914 1209 Tem-

440 1240 519 1283 pus
556 1226 757 1268 Perihelii
792 1240 871 1281 pro
905 1225 1086 1269 Cometa
1120 1228 1328 1268 incidebat
1363 1228 1404 1267 in
1446 1240 1517 1275 13,
1540 1233 1596 1277 69
1623 1231 1733 1282 Aug.
1776 1244 1910 1281 1770,

439 1292 684 1333 inuenietur
719 1304 797 1344 pro
839 1304 856 1330 1
898 1291 991 1332 Iulii
1028 1292 1214 1332 eiusdem
1250 1291 1367 1330 Anni
1390 1291 1561 1344 angulus
1582 1292 1815 1332 anomaliae
1836 1299 1914 1342 76⁶

441 1356 608 1396 circiter
642 1355 847 1409 graduum
884 1365 928 1396 et
962 1355 1150 1395 distantia
1185 1353 1398 1396 cometae
1436 1370 1458 1395 a
1493 1355 1590 1395 Sole
1619 1368 1698 1409 pro
1717 1354 1793 1395 hac
1815 1369 1918 1405 ano->

441 1420 567 1460 malia
602 1434 657 1460 z
681 1432 719 1469 1,
740 1423 896 1469 0126,
934 1420 1087 1459 eodem
1123 1432 1226 1460 vero
1261 1429 1455 1472 tempore
1492 1430 1580 1459 erat
1614 1420 1804 1459 distantia
1835 1419 1916 1460 So-

438 1482 489 1523 lis
528 1496 551 1522 a
585 1483 723 1523 Terra
754 1498 810 1523 z
834 1487 1041 1533 1,0167,
1076 1485 1188 1524 vnde
1224 1485 1306 1523 iam
1343 1484 1476 1523 statim
1513 1484 1647 1536 liquet
1683 1480 1913 1524 cometam

439 1547 639 1603 proxime
676 1546 731 1586 adv
761 1557 917 1588 terram
953 1547 1146 1588 accedere
1183 1547 1375 1596 debuisse,
1413 1548 1439 1587 fi
1476 1547 1577 1587 haec
1607 1546 1727 1586 Astra
1759 1560 1780 1588 e
1815 1546 1913 1588 Sole

438 1611 526 1652 visa
571 1620 662 1650 turn
708 1612 911 1665 temporis
958 1624 1126 1665 quoque
1161 1612 1202 1651 in
1238 1612 1533 1651 coniunctione
1569 1611 1736 1650 fuerint.
1808 1611 1912 1652 Erat

438 1686 546 1717 vero
580 1675 824 1727 Longitudo
858 1684 990 1715 terrae
1030 1677 1218 1725 3⁵:10⁰,
1259 1677 1436 1729 ideoque
1472 1675 1686 1727 elongatio
1721 1683 1853 1714 terrae
1888 1689 1911 1713 a

437 1739 570 1781 Nodo
605 1752 627 1779 c
663 1737 761 1779 Sole
795 1739 878 1779 visa
918 1736 1004 1787 31⁰ss
1042 1739 1229 1788 circiter,
1265 1740 1373 1779 vnde
1409 1752 1539 1792 quum
1576 1737 1788 1791 elongatio
1825 1735 1912 1777 Co·

440 1811 577 1845 metae
611 1802 733 1856 supra
766 1802 969 1843 habeatur
995 1806 1082 1852 32⁰,
1119 1804 1198 1842 iam
1236 1804 1450 1856 perspicue
1486 1801 1733 1854 intelligitur
1765 1800 1910 1841 huius-

438 1867 557 1908 modi
575 1866 856 1920 propinquam
871 1868 1216 1907 ‘coniunctionem
1255 1865 1465 1908 Cometae
1496 1877 1537 1906 et
1567 1865 1730 1905 Terrae
1766 1865 1906 1917 reapse

442 1930 670 1983 contigisse.
741 1928 916 1971 Calculo
955 1941 1093 1972 autem
1131 1931 1321 1971 instituto
1356 1944 1434 1985 pro
1470 1930 1728 1982 temporibus
1765 1927 1909 1967 obser-

440 1994 840 2034 vationumdiebus
882 2007 953 2044 29,
993 2007 1048 2043 30
1085 1994 1195 2035 Iunii
1235 2007 1252 2033 1
1295 2005 1335 2034 et
1375 2007 1397 2042 3
1435 1994 1530 2034 Iulii
1566 1992 1799 2040 factarum,
1850 1990 1910 2030 se-

442 2066 617 2111 quentes
653 2057 795 2096 inueni
831 2059 997 2098 valores
1033 2059 1317 2098 distantiarum
1357 2056 1561 2098 Cometae
1597 2071 1619 2096 a
1653 2055 1809 2102 Terra:

634 2132 690 2169 29
727 2118 835 2159 Iunii
872 2125 1122 2169 0,026079
1199 2135 1217 2159 1
1260 2121 1353 2161 Iulii
1391 2134 1432 2169 0,
1456 2124 1638 2168 015601

633 2195 690 2232 30
757 2203 775 2213 -
875 2188 1125 2232 0,017699
1199 2195 1221 2231 3
1292 2206 1310 2211 -
1388 2184 1643 2234 0,030906

439 2248 685 2305 proximam
731 2256 872 2287 autem
916 2247 1147 2287 distantiam
1185 2245 1389 2287 cometae
1426 2262 1447 2287 a
1482 2246 1578 2288 Sole
1615 2244 1729 2285 suiffe
1763 2243 1907 2285 inueni

440 2321 785 2365 :0,015379,
819 2311 998 2364 ideoque
1037 2315 1092 2361 65
1132 2311 1276 2352 ciciter
1310 2320 1471 2365 partem
1507 2309 1722 2352 distantiae
1742 2308 1904 2414 mesdiiile

1828 2382 1853 2410 o
1888 2381 1905 2410 s
