2029 2750
909 107 1026 204 »5³23
1089 146 1105 204 )
1146 161 1234 201 240
1268 149 1285 206 ί
1349 150 1464 202 &323⁴-

442 276 678 307 commune
712 265 905 320 aperire,
947 264 992 306 in
1035 264 1256 320 posteriori
1292 263 1491 304 claudere
1525 262 1676 318 potest.
1741 258 1919 318 Sanguis

445 340 588 372 autem
623 343 754 372 venae
787 329 1054 378 coronariae,
1090 340 1138 369 vt
1169 329 1368 369 omnium
1403 327 1664 380 reliquarum
1699 339 1919 382 venarum,

445 393 611 436 nonnffi
644 405 837 450 tempore
871 393 1062 435 diastoies
1097 394 1141 433 in
1176 393 1312 433 smum
1347 392 1708 446 ingreditur‚quo
1726 401 1920 446 tempor-e

443 458 517 502 hic
551 471 707 499 vacuus
742 460 829 505 est,
861 469 905 498 et
939 470 1115 498 omnem
1153 456 1417 509 sanguinem,
1453 456 1521 497 vel
1557 457 1734 497 minima
1768 457 1810 496 vi
1830 456 1923 510 pul-

443 523 568 571 sum,
603 522 725 562 facile
760 523 802 562 in
838 521 878 561 se
912 521 1132 571 admittit3
1167 532 1266 559 cum
1310 530 1503 573 tempore
1554 520 1720 571 systoles
1772 531 1923 562 contra

445 586 597 632 suum,
632 598 759 638 quem
793 584 1014 631 continet,
1048 583 1192 636 potius
1236 583 1449 636 expellat,
1499 584 1544 622 vi
1592 584 1719 638 longe
1768 584 1921 626 maiori

443 662 524 698 ea,
561 661 643 701 qua
676 661 806 688 venae
841 647 1061 687 instrmstae
1096 646 1202 687 sunt.
1286 644 1473 686 Diassole
1517 659 1618 699 crgo
1652 649 1813 701 sanguis
1847 661 1922 689 ve-

445 725 524 754 nae
559 713 806 753 coronariae
840 710 926 765 ipse
960 711 1271 764 progrediendo
1306 710 1518 750 valuulam
1563 710 1732 760 eleuat,
1783 711 1921 753 saccu-

443 777 532 820 lum
567 776 743 825 dilatat,
787 776 1025 828 ostiumque
1059 787 1290 815 commune
1324 775 1489 829 aperit,
1539 783 1583 813 et
1632 784 1800 827 patente
1851 776 1920 817 via

443 842 487 884 in
523 840 658 881 finum
693 840 942 894 ingreditur.
1009 837 1174 890 systole
1206 849 1372 889 autem,
1401 851 1499 878 cum
1536 837 1642 878 finus
1679 838 1717 878 se
1751 849 1920 880 contra-

443 904 509 949 hit
543 915 877 957 contentumque
912 902 1154 957 sanguinem
1189 901 1523 957 quaquauersum
1559 903 1603 942 in
1638 902 1696 943 sui
1725 904 1919 956 parietes,

444 981 546 1022 ergo
581 968 623 1008 in
660 968 872 1007 valuulam
906 979 1092 1019 quoquc,
1112 967 1244 1021 pellit,
1263 966 1429 1007 valuula
1449 965 1531 1006 hoc
1568 966 1762 1019 sanguine
1788 980 1919 1021 porro

445 1035 495 1076 ad
530 1033 733 1086 parietem
768 1030 915 1071 foueae
947 1031 1224 1082 apprimitur,
1258 1030 1441 1070 sacculus
1477 1029 1720 1081 obturatur,
1755 1031 1917 1073 orificia

444 1109 576 1138 venae
609 1095 854 1135 coronariae
889 1102 976 1132 tam
1019 1093 1270 1145 proprium.
1322 1105 1448 1145 quam
1493 1105 1754 1144 commune,
1805 1096 1916 1137 clau-

447 1161 621 1202 duntur.
689 1155 758 1198 Sic
795 1155 963 1196 valuula
997 1155 1183 1209 sanguini
1218 1167 1273 1195 ex
1307 1169 1415 1196 vena
1449 1155 1490 1194 in
1528 1155 1659 1195 finum
1696 1158 1810 1197 ituro
1844 1173 1916 1212 pa-

447 1222 582 1267 tulam
617 1222 733 1262 viam
766 1218 921 1269 offert,
954 1219 1143 1259 redituro
1178 1230 1233 1257 ex
1267 1218 1356 1258 finu
1388 1219 1434 1257 in
1468 1230 1620 1259 venam
1666 1229 1802 1273 negat,

575 1328 620 1371 Si
655 1327 823 1369 valuula
857 1326 1118 1368 semilunaris
1155 1324 1280 1372 esset,
1331 1321 1463 1374 qualis
1518 1324 1566 1363 ab
1611 1324 1804 1364 omnibus
1826 1353 1836 1373 ‚
1873 1323 1916 1365 ni

446 1394 603 1444 folior,
638 1392 915 1441 anatomicis,
949 1392 1022 1444 qui
1058 1388 1251 1430 valuulae
1286 1399 1440 1426 nomen
1480 1387 1538 1427 illi
1575 1387 1918 1432 attribuunr,effe

446 1460 614 1506 dicitur,
649 1457 677 1497 fi
712 1457 835 1497 latior
869 1455 968 1496 esset
1002 1465 1044 1495 et
1080 1453 1262 1501 breuior,
1313 1451 1531 1502 laxiusque
1563 1482 1572 1496 ,
1609 1462 1652 1491 vt
1698 1451 1920 1493 semiluna-

445 1535 510 1564 res
546 1521 708 1569 solent,
743 1534 768 1560 a
801 1517 996 1572 sanguine
1032 1517 1139 1557 smus
1176 1526 1352 1569 vrgente
1388 1517 1540 1556 reflcc‘ii
1579 1528 1708 1566 aenne
1745 1526 1790 1556 er
1819 1528 1917 1568 ape-

446 1587 519 1628 riri
539 1598 585 1626 ac
603 1584 831 1638 comprimi
850 1583 981 1637 posset
998 1591 1038 1622 et
1057 1580 1206 1622 claudi.
1243 1580 1450 1633 Adeoque
1476 1580 1601 1634 plane
1621 1580 1777 1621 inutilis
1807 1580 1916 1621 esset.

578 1677 883 1723 Semilunarcm
921 1687 1059 1718 autem
1096 1689 1181 1717 non
1216 1677 1325 1722 effe,
1378 1676 1510 1729 figura
1555 1689 1638 1716 non
1676 1676 1806 1716 modo
1840 1674 1916 1714 ob-

446 1748 574 1801 longa
608 1754 649 1785 et
684 1743 866 1796 angusta,
903 1741 1120 1782 manifesto
1156 1756 1177 1782 a
1213 1740 1452 1782 semilunari
1486 1740 1670 1787 diuersa,
1704 1739 1767 1778 scd
1806 1739 1915 1779 affio

446 1822 617 1866 quoque
651 1807 920 1848 demonstrat.
990 1804 1197 1847 Valuulae
1233 1805 1499 1845 semilunares
1535 1815 1665 1855 aeque
1701 1815 1748 1843 ac
1783 1815 1917 1842 annu-

445 1875 553 1918 lares
588 1872 658 1914 vel
692 1870 906 1913 tubulosae
940 1871 1053 1911 viam
1089 1871 1313 1924 aperiunt,
1356 1869 1457 1909 dum
1502 1868 1552 1908 ad
1596 1867 1775 1921 parietes
1820 1865 1915 1907 suo-

446 1953 542 1981 rum
575 1937 771 1978 vasorum
807 1934 1097 1989 applicantur,
1131 1934 1331 1975 claudunt
1374 1939 1511 1973 autem
1534 1963 1544 1979 ,
1595 1932 1695 1972 dum
1743 1929 1792 1970 ab
1842 1930 1915 1969 iis-

446 2002 543 2042 dem
594 2009 866 2040 remouentur
915 2009 958 2039 et
1006 1999 1318 2047 extenduntur,
1370 2006 1417 2037 vt
1469 1997 1579 2037 redie
1624 1993 1913 2035 Meritiffimus

445 2061 770 2111 WINSLOWVS
799 2074 1033 2105 monuerat.
1106 2063 1220 2104 Haec
1239 2061 1445 2116 applicata
1461 2060 1609 2100 foueae
1628 2058 1773 2111 parieti
1794 2058 1912 2098 viam

451 2128 636 2177 claudit,
687 2135 730 2166 et
765 2126 930 2178 aperit,
973 2126 1075 2166 dum
1110 2126 1160 2166 ab
1195 2126 1270 2166 illo
1304 2133 1554 2166 rcmouetrr
1586 2132 1628 2163 et
1660 2121 1913 2163 extenditur.

575 2220 758 2264 Proinde
792 2218 898 2260 hanc
933 2219 1146 2261 valuulam
1191 2227 1337 2259 natura
1380 2227 1421 2259 et
1463 2217 1536 2258 vsu
1582 2217 1786 2258 diuersam
1831 2218 1911 2261 effe

448 2295 564 2345 patet
598 2300 623 2328 a
652 2283 968 2328 semilunaribus
1004 2296 1132 2338 aeque
1167 2295 1214 2324 ac
1250 2281 1517 2324 annularibus
1540 2312 1552 2334 ,
1586 2281 1654 2325 vel
1688 2281 1910 2334 tubulofis,

1837 2354 1909 2388 aut
