2029 2750
585 149 703 203 »22³2ss
767 157 782 206 )
821 144 962 204 2³7(
1025 145 1142 199 &323⁴-

128 263 281 303 dextra
330 272 472 305 antem
518 259 618 315 (fig.
639 270 681 303 2.
696 257 788 312 L),
833 271 941 313 quae
984 258 1163 299 fundum
1198 256 1313 311 quasi
1346 254 1499 312 {oueae
1530 256 1599 299 vel

129 327 248 367 lacus
281 325 437 373 refert,
472 322 610 364 multo
643 320 897 376 profundior
930 330 974 362 et
1006 322 1142 376 magis
1178 331 1300 362 acuta
1334 318 1436 378 ζ’).

257 451 393 506 Super
424 450 536 492 hanc
572 463 683 492 nunc
719 450 891 493 foueam
923 449 1098 492 valuula
1130 448 1301 491 extensa
1335 449 1393 490 est
1438 445 1605 502 fisbpla·

130 531 185 560 na
217 515 315 573 (fig.
335 522 462 566 I.84.
491 524 562 564 85.
586 514 722 569 δά),
757 516 866 556 adeo
899 525 1057 562 tamen,
1092 523 1140 554 vt
1173 514 1396 556 dimidiam
1432 521 1602 557 tantum

129 583 216 623 eius
251 590 416 633 partem
450 580 648 620 dextram
683 578 698 635 (
716 578 926 633 fig.2,l.)
960 587 1089 633 tegat,
1122 577 1350 618 sinisterior
1382 575 1490 632 (fig.
1511 585 1553 621 2.
1570 573 1608 616 k.

128 644 196 698 fig.
216 652 250 687 Ι.
278 641 382 695 87.)
418 654 562 695 aperta
599 652 779 684 maneat.
848 641 1003 696 Figura
1035 640 1207 682 valuula
1241 640 1329 682 fere
1363 638 1509 679 fimilis
1544 638 1605 677 est

127 706 290 748 foueae.
360 705 508 746 Fundo
557 708 711 759 gaudet
760 706 1012 760 plerumque
1061 714 1192 745 acuto
1242 703 1257 759 (
1280 701 1419 756 84.),
1454 700 1605 743 foueae

126 769 289 820 fund0‚
340 769 407 810 seu
451 771 709 811 extremitati
756 770 936 810 dextrae
968 766 1274 816 incumbente,
1324 776 1368 807 et
1400 765 1600 806 lateribus

126 834 292 889 semper
324 833 486 874 duobus
506 865 520 883 ‚
553 833 702 888 quibus
736 832 890 874 foueae
940 833 1025 872 orIS
1075 829 1319 871 lateralibus
1370 829 1601 878 adhaeret,

126 897 309 951 denique
343 899 531 952 margine
564 909 736 951 quoqne
769 897 1014 937 constanter
1045 895 1181 935 libero
1226 903 1270 935 et
1312 892 1493 941 mobili,
1529 902 1607 932 ex·

128 961 215 1001 ciso
264 960 372 1017 (85.
403 965 470 1005 86.
494 960 505 1014 J
527 992 539 1011 ‚
593 974 678 1014 quo
727 960 879 1001 foueae
929 958 1194 1000 extremitati
1243 957 1428 998 finistrae
1462 952 1606 1010 (87.)

128 1024 298 1066 obtusae
331 1035 375 1065 et
409 1024 687 1065 subrotuudae
721 1022 961 1076 respondet.
1047 1019 1119 1064 Sic
1159 1019 1336 1062 vaiuula
1376 1031 1464 1059 vna
1506 1029 1605 1059 cum

127 1087 274 1129 foneae
307 1099 431 1141 parte
465 1088 618 1127 dextra
650 1086 920 1140 profundiori
957 1084 1173 1126 sacculum
1207 1083 1342 1125 efficit
1362 1113 1372 1132 ‚
1409 1083 1476 1123 seu
1521 1081 1610 1136 spe·

126 1153 297 1192 Iuncam
318 1181 330 1195 ,
364 1150 497 1191 fundo
528 1151 783 1204 gaudentem
818 1160 981 1201 acuto·‚
1014 1148 1209 1201 margine
1242 1147 1319 1187 suo
1352 1143 1502 1186 mobili
1530 1156 1607 1185 au·

127 1225 214 1256 tem
249 1223 293 1255 et
324 1215 468 1255 exciso
487 1244 499 1260 ‚
535 1215 606 1267 qui
641 1213 793 1254 foueae
825 1213 901 1253 fini
937 1213 1101 1253 finistro
1134 1211 1326 1251 fimiliter
1358 1207 1510 1249 obtuso
1535 1220 1605 1248 re·

129 1279 335 1332 spondet,
385 1277 604 1317 orificium
637 1277 795 1326 ouale,
843 1276 1023 1331 pulchre
1068 1275 1440 1322 determinatum,
1488 1271 1607 1326 quod

130 1351 324 1394 apertura
357 1340 539 1387 sacculi,
592 1339 797 1393 fimulque
840 1349 1082 1380 extremum
1120 1338 1335 1378 orificium
1374 1347 1609 1377 commune

130 1405 188 1445 est
221 1417 354 1444 venae
390 1404 635 1444 coronariae
671 1415 852 1456 magnae
884 1412 929 1443 et
961 1402 1134 1443 alterius
1167 1415 1303 1442 venae
1337 1400 1496 1450 cordis,
1529 1411 1608 1440 cu·

130 1470 195 1510 ius
230 1467 495 1509 mentionem
526 1466 615 1506 iam
648 1465 746 1507 feci.

260 1596 309 1637 Iu
343 1598 483 1639 media
517 1596 669 1637 foueae
711 1603 860 1650 parte,
913 1606 1042 1648 quam
1092 1592 1178 1647 ipse
1231 1602 1387 1647 margo
1435 1589 1607 1631 mobilis

131 1659 328 1702 valuulae
359 1663 494 1715 tegit,
534 1659 751 1700 orificium
785 1658 900 1700 aliud
932 1666 1110 1712 apparet
1144 1655 1405 1712 (ss-fig.2.
1428 1650 1499 1707 n.)
1525 1682 1536 1703 ‚
1572 1652 1604 1694 fi

129 1722 303 1765 valuula
335 1735 579 1766 remouetur
603 1754 614 1767 ,
650 1724 747 1764 satis
778 1735 981 1777 magnum
1017 1731 1060 1762 et
1092 1719 1310 1774 spectabile
1331 1748 1345 1768 ,
1388 1717 1491 1757 licet
1523 1715 1606 1756 mi·

133 1798 210 1825 nus
230 1816 242 1833 ‚
277 1800 406 1839 quam
440 1788 544 1830 illud
577 1799 825 1828 commune.
891 1786 991 1827 Hoc·
1024 1785 1082 1825 est
1115 1782 1328 1823 orificium
1373 1780 1601 1835 proprium

133 1859 269 1890 venae
302 1853 555 1893 coronariae
586 1853 780 1905 magnae.
848 1850 1051 1904 Figuram
1081 1846 1187 1888 illud
1219 1845 1350 1887 habet
1381 1843 1605 1885 subrotun·

826 1910 978 1967 Gga
1475 1906 1605 1958 dam,

183 2077 329 2130 (‘)1n1
368 2079 532 2128 plerisque
568 2081 755 2117 hominibus
793 2081 943 2115 strussura
981 2079 1060 2114 huic
1091 2077 1305 2123 descriptioni
1342 2073 1519 2111 conformis
1541 2072 1597 2107 est.

284 2128 325 2164 ln
349 2129 409 2167 hoc
439 2129 538 2164 corde
566 2143 692 2179 practer
718 2132 850 2166 raucam
874 2138 978 2164 venae
1004 2131 1192 2162 coronariae
1217 2129 1320 2160 maior
1352 2127 1473 2159 cauitas
1501 2119 1602 2155 oualis

285 2177 304 2224 ξ
331 2180 388 2225 fig.
416 2189 446 2214 1.
480 2184 537 2215 82.
568 2185 630 2224 83.
659 2182 710 2227 fig,
747 2176 777 2216 εξ
804 2179 836 2214 h.
869 2181 889 2214 i.
916 2176 935 2225 )
974 2177 1236 2215 obseruabatur,
1264 2179 1297 2210 in
1323 2187 1388 2223 qua
1414 2172 1511 2206 fouea
1545 2169 1597 2202 illa

285 2228 452 2274 exstulpta
478 2241 550 2264 erat
573 2233 648 2279 (fitz
678 2243 709 2266 2.
725 2229 753 2264 k.
770 2230 789 2262 l.
807 2230 835 2278 J.
886 2225 923 2262 Si
951 2225 1032 2262 haec
1056 2228 1206 2261 structura
1231 2225 1392 2265 obtinet,
1419 2222 1600 2254 cauitatem

288 2276 417 2312 aulem
441 2291 463 2312 a
486 2279 581 2315 {buca
607 2282 801 2326 dzstinguene
827 2286 989 2326 oportet,
1025 2287 1064 2310 et
1087 2280 1214 2311 caeuitas
1236 2276 1344 2320 potius
1360 2297 1368 2306 ,
1411 2280 1510 2317 quam
1551 2267 1602 2301 fo-

288 2337 347 2360 vea
364 2350 378 2367 s
402 2337 439 2358 «ἃ
465 2329 534 2368 est,
559 2342 643 2379 quae
669 2329 763 2364 ditiis
785 2332 876 2370 osis,
901 2326 984 2362 fibra
1006 2336 1122 2361 carnea
1144 2321 1238 2372 (c)
1261 2331 1299 2356 et
1322 2318 1444 2361 annulo
1466 2328 1594 2359 carneo,

291 2374 345 2424 (a.
357 2374 374 2424 )
401 2378 559 2423 cingitur.⁴
