2029 2750
588 194 718 245 »ἑῆς
766 189 780 246 )
821 196 906 241 163
943 191 959 247 (
1021 189 1138 240 5323·-

258 310 292 357 ς.
329 313 369 348 6.
420 304 489 345 Ex
505 302 800 354 Elestrophori
827 302 965 352 itaque
982 300 1138 341 lamina
1158 299 1366 342 metallica
1381 297 1582 350 inferiori,

130 369 301 423 seposita
317 368 469 409 lamina
488 365 687 418 superiori
712 363 857 404 mobili
877 393 888 411 ‚
923 364 1012 416 post
1047 364 1317 404 sufficientem
1349 363 1502 404 resinae
1521 373 1579 403 at-

132 434 274 473 tritum
294 461 304 480 ,
339 443 388 469 eo
408 430 593 468 nondum
617 425 781 468 suffulto
801 425 948 481 (isole)
969 426 1121 467 factum
1141 456 1151 476 ‚
1188 426 1372 479 suspendi
1401 427 1485 467 duo
1514 426 1584 467 fila

128 495 239 537 linea
258 524 268 542 ,
302 492 460 544 aliquot
478 491 649 545 pollices
669 491 794 543 longa
812 520 822 539 ‚
855 500 896 531 ct
924 490 1101 543 globulo
1129 502 1183 531 ex
1201 489 1341 530 subere
1375 490 1484 531 saeco
1518 490 1582 529 in-

116 557 291 606 fimeta,
326 556 454 596 libere
486 555 693 609 pendula,
731 554 800 594 fibi
821 554 1056 607 propinqua
1074 555 1256 595 inuicem
1291 564 1334 594 et
1366 553 1587 608 parallela:

115 619 229 674 ‚Quo
246 620 352 660 fasto
378 618 727 672 Electrophorum
760 617 937 672 imposui
970 616 1105 657 fulcro
1138 618 1304 667 vitreo,
1339 626 1417 666 vt,
1453 616 1525 656 nifi
1561 629 1584 656 a

128 683 371 736 corporibus
405 696 480 735 per
517 682 553 721 se
589 681 786 721 elec'tricis
807 711 817 729 ‚
854 692 1055 733 nusquam
1090 679 1418 732 contingeretur.
1485 678 1583 721 Hoc

109 745 253 802 «ig-itur
271 757 467 800 appar-atu
489 747 545 786 ita
563 745 802 791 constituto-

254 842 286 881 Ι.
325 839 591 893 Contingatur
608 838 756 879 lamina
784 834 982 877 metallica
1016 842 1179 889 corpore
1216 833 1441 890 quocunque
1460 867 1470 886 ‚
1493 836 1583 892 flue

120 911 198 959 pe‘r
212 903 257 959 st?
264 906 352 960 flue
379 916 453 945 non
471 911 546 957 per
568 901 613 956 se
633 901 810 942 elearico
831 930 841 948 ‚
867 898 1027 955 suffulto
1046 909 1118 939 auc
1153 910 1228 938 non
1248 929 1258 947 ‚
1296 894 1584 952 magnitudin&

127 970 412 1021 cuiun-unque:
442 965 616 1021 pendula
635 977 681 1006 ne
708 963 907 1005 tantillum
933 962 1089 1015 quidem
1126 962 1176 1003 de
1196 959 1273 1016 suo
1303 962 1582 1017 parallelismo

125 1031 401 1074 deturbantur.

255 1124 364 1167 Cum
385 1120 737 1178 Elestrophorum
756 1123 845 1177 post
866 1122 1020 1163 resinae
1054 1121 1298 1178 liquefactae
1335 1120 1584 1162 infufionem

110 1198 167 1230 α
185 1189 541 1242 refrigerationem
561 1197 683 1241 atque
701 1196 843 1227 ortum
863 1187 957 1226 inde
976 1187 1125 1227 statum
1144 1188 1231 1226 eius
1247 1216 1257 1235 ‚
1287 1198 1410 1238 quem
1430 1184 1581 1226 vocau'i

114 1254 368 1308 primitiuum
386 1263 426 1292 et
444 1252 641 1292 illibatum
661 1254 692 1300 ξ.
721 1263 742 1299 3
766 1281 776 1299 ‚
812 1251 894 1290 iam
915 1250 1093 1291 aliorum
1123 1256 1351 1302 corporum
1387 1259 1471 1287 non
1506 1256 1581 1300 pe'r

119 1317 161 1357 st
180 1316 469 1360 elee’tricorum
489 1315 727 1355 contactum
746 1312 914 1353 subierit
931 1342 942 1362 ‚
978 1321 1102 1365 atque
1120 1313 1246 1351 etiam
1267 1323 1375 1351 nunc
1403 1312 1578 1351 durante

118 1380 280 1421 refinae'
291 1380 431 1418 attritu
451 1378 575 1418 fuerit
594 1374 677 1416 no'n
698 1375 909 1417 suffultum
930 1406 940 1423 ‚
977 1375 1162 1427 adeoque
1180 1376 1223 1414 in
1255 1375 1448 1415 contac‘tu
1479 1385 1578 1414 cum

110 1442 362 1495 :corporibus
399 1453 482 1480 non
517 1436 590 1493 per
625 1439 663 1479 se
697 1439 926 1489 elestricis3
960 1438 1131 1478 euidens
1148 1439 1234 1486 est,
1270 1439 1312 1477 id
1332 1467 1343 1486 ‚
1378 1448 1474 1478 curn
1495 1438 1577 1476 im*—

115 1515 342 1559 poneretur
386 1504 523 1545 fulcris
564 1503 709 1543 vitreis
737 1529 748 1549 ‚
785 1502 886 1540 ’iam
931 1512 987 1540 ex
1013 1514 1016 1516 ·
1039 1501 1146 1539 statu.
1191 1501 1413 1553 primitiuo
1461 1497 1576 1539 fuiffle

118 1569 408 1621 transgreffum
445 1569 485 1606 in
521 1578 619 1606 eum
671 1565 818 1605 statum
840 1593 850 1612 ,
901 1575 1028 1617 quern
1064 1564 1096 1612 ξ.
1129 1566 1185 1612 34.
1237 1564 1388 1603 vocaui
1429 1562 1578 1603 statum

117 1634 204 1672 eius
223 1643 457 1672 communem
477 1661 487 1680 ,
523 1641 608 1682 quo
626 1628 908 1668 communiter
940 1627 1050 1666 inter
1083 1637 1229 1667 manus
1261 1626 1459 1667 versatur.
1495 1625 1576 1666 La-

111 1695 232 1735 'mina
265 1695 417 1734 scilicet
450 1692 658 1734 metallica
690 1692 746 1732 est
782 1690 951 1743 quidem
976 1720 988 1741 ‚
1021 1689 1083 1729 vti
1112 1689 1473 1736 theoria‘docuit,
1501 1696 1577 1742 pok

106 1756 230 1812 :fitiue
248 1758 431 1799 elefflrica
447 1787 456 1805 ‚
494 1755 559 1795 sed
578 1767 656 1795 nec
672 1755 762 1808 plus
784 1767 921 1807 neque⁴
944 1754 1082 1794 minus
1118 1748 1306 1792 continet
1339 1751 1455 1792 fluidi
1490 1750 1574 1792 ele-

120 1821 248 1867 effici,
278 1833 400 1872 quam
421 1819 591 1871 quidem
608 1819 769 1863 virium
785 1819 871 1858 eius
891 1817 1199 1858 atti-affluarum
1219 1825 1259 1856 et
1280 1814 1572 1869 repellendum

111 1883 362 1938 ⁴aequilibrio
381 1882 554 1922 debetur
582 1913 593 1931 ‚
629 1894 714 1935 quo
731 1882 819 1935 ipso
838 1880 1179 1923 accumulationis
1198 1879 1325 1932 gradu
1361 1878 1538 1920 laminae
1560 1908 1572 1930 ‚

118 1945 215 1986 licet
244 1945 420 2000 pofitiue
455 1943 667 1986 electi-icae
687 1975 697 1993 ‚
732 1945 794 1985 vis
828 1945 872 1985 in
907 1940 1081 1985 fluidum
1113 1943 1363 1988 electricum
1393 1940 1571 1996 aliorum

117 2009 346 2063 'corporum
367 2009 414 2048 ad
435 2007 612 2049 nihilum
630 2007 853 2049 reducitur.
918 2007 1093 2048 Lamina
1123 2009 1261 2060 itaque
1291 2006 1333 2049 in
1361 2005 1443 2046 hoc
1471 2004 1572 2053 statu

121 2074 337 2113 constituta
358 2085 432 2111 nec
452 2085 506 2112 ex
526 2070 612 2111 aliis
633 2070 875 2124 corporibus
898 2071 968 2125 ipsi
1000 2070 1204 2123 contiguis
1233 2067 1404 2110 attrahit
1430 2067 1539 2109 inse
1561 2099 1570 2117 ‚

118 2135 252 2189 neque
270 2148 323 2176 ex
344 2135 382 2176 se
399 2136 440 2175 in
462 2134 512 2176 'ea
531 2135 693 2189 repellit
710 2128 1266 2188 quidquamssuidielec'hic'i
1286 2144 1303 2182 ‚·
1329 2131 1400 2174 'sed
1416 2132 1567 2173 'eodem

120 2199 282 2249 pronsu's
303 2200 433 2240 modo
461 2201 544 2252 agit
562 2231 573 2248 ,
609 2211 654 2239 ac
690 2199 717 2239 fi
747 2200 787 2238 in
822 2198 940 2238 statu-
959 2190 1245 2238 elem-icitat'is*
1268 2195 1443 2237 naturali
1478 2195 1573 2234 effer

122 2261 356 2300 constituta.
423 2261 510 2303 Fila
527 2264 666 2316 itaque
687 2293 696 2311 ,
732 2262 828 2303 huic
848 2259 1138 2303 licet-laminae
1165 2259 1342 2314 appensa
1360 2289 1370 2307 ‚
1406 2258 1500 2297 sunt
1520 2257 1570 2295 jn

119 2325 238 2364 statu-
264 2324 468 2375 naturali3
502 2327 685 2378 adeoque
719 2326 844 2365 libere
880 2325 1058 2378 pendula
1093 2325 1163 2364 fibi
1183 2323 1413 2377 dependent
1443 2319 1574 2421 platal-

765 2387 805 2426 X
846 2401 868 2426 2
1479 2396 1496 2421 e
1518 2396 1539 2421 a
1559 2396 1570 2435 3
