<?xml version="1.0" encoding="UTF-8"?>
<!DOCTYPE html PUBLIC "-//W3C//DTD XHTML 1.0 Transitional//EN"
    "http://www.w3.org/TR/xhtml1/DTD/xhtml1-transitional.dtd">
<html xmlns="http://www.w3.org/1999/xhtml" xml:lang="en" lang="en">
 <head>
  <title>
</title>
<meta http-equiv="Content-Type" content="text/html;charset=utf-8" />
  <meta name='ocr-system' content='tesseract 3.04.00' />
  <meta name='ocr-capabilities' content='ocr_page ocr_carea ocr_par ocr_line ocrx_word'/>
</head>
<body>
  <div class='ocr_page' id='page_1' title='image "./actaacademiaesci01impe/actaacademiaesci01impe_0360.png"; bbox 0 0 2029 2750; ppageno 0'>
   <div class='ocr_carea' id='block_1_1' title="bbox 911 129 1464 188">
    <p class='ocr_par' dir='ltr' id='par_1_1' title="bbox 911 129 1464 188">
     <span class='ocr_line' id='line_1_1' title="bbox 911 129 1464 188; baseline -0.004 -4"><span class='ocrx_word' id='word_1_1' title='bbox 911 133 1026 186; x_wconf 55' lang='grc' dir='ltr'>»ἓέ</span> <span class='ocrx_word' id='word_1_2' title='bbox 1089 129 1105 187; x_wconf 86' lang='grc'>)</span> <span class='ocrx_word' id='word_1_3' title='bbox 1144 132 1285 188; x_wconf 78' lang='lat'>242(</span> <span class='ocrx_word' id='word_1_4' title='bbox 1349 131 1464 182; x_wconf 52' lang='lat' dir='ltr'>&amp;tezs-</span> 
     </span>
    </p>
   </div>
   <div class='ocr_carea' id='block_1_2' title="bbox 426 244 1916 1003">
    <p class='ocr_par' dir='ltr' id='par_1_2' title="bbox 426 244 1916 1003">
     <span class='ocr_line' id='line_1_2' title="bbox 443 244 1915 302; baseline 0.001 -15"><span class='ocrx_word' id='word_1_5' title='bbox 443 287 445 290; x_wconf 14' lang='grc' dir='ltr'><em>Α</em></span> <span class='ocrx_word' id='word_1_6' title='bbox 573 244 705 288; x_wconf 86' lang='lat' dir='ltr'>Aliud</span> <span class='ocrx_word' id='word_1_7' title='bbox 740 255 881 288; x_wconf 85' lang='lat' dir='ltr'>autem</span> <span class='ocrx_word' id='word_1_8' title='bbox 916 244 1168 298; x_wconf 81' lang='lat' dir='ltr'>artificium,</span> <span class='ocrx_word' id='word_1_9' title='bbox 1201 260 1292 302; x_wconf 86' lang='lat' dir='ltr'>quo</span> <span class='ocrx_word' id='word_1_10' title='bbox 1322 245 1488 299; x_wconf 78' lang='lat' dir='ltr'>sanguis</span> <span class='ocrx_word' id='word_1_11' title='bbox 1523 245 1732 292; x_wconf 71' lang='lat' dir='ltr'><strong>auriculae</strong></span> <span class='ocrx_word' id='word_1_12' title='bbox 1764 258 1915 297; x_wconf 65' lang='lat' dir='ltr'>avena</span> 
     </span>
     <span class='ocr_line' id='line_1_3' title="bbox 444 310 1914 365; baseline -0.001 -13"><span class='ocrx_word' id='word_1_13' title='bbox 444 312 669 352; x_wconf 81' lang='lat' dir='ltr'>coronaria</span> <span class='ocrx_word' id='word_1_14' title='bbox 704 320 921 360; x_wconf 80' lang='lat' dir='ltr'>arceatur,</span> <span class='ocrx_word' id='word_1_15' title='bbox 956 311 999 350; x_wconf 90' lang='lat' dir='ltr'>in</span> <span class='ocrx_word' id='word_1_16' title='bbox 1035 310 1230 352; x_wconf 79' lang='lat' dir='ltr'>musculis</span> <span class='ocrx_word' id='word_1_17' title='bbox 1265 311 1447 365; x_wconf 82' lang='lat' dir='ltr'>posi-tum</span> <span class='ocrx_word' id='word_1_18' title='bbox 1484 311 1570 362; x_wconf 88' lang='lat' dir='ltr'>est,</span> <span class='ocrx_word' id='word_1_19' title='bbox 1605 310 1754 363; x_wconf 75' lang='lat' dir='ltr'>quibus</span> <span class='ocrx_word' id='word_1_20' title='bbox 1792 310 1914 360; x_wconf 65' lang='lat' dir='ltr'>-onifi-</span> 
     </span>
     <span class='ocr_line' id='line_1_4' title="bbox 440 374 1915 428; baseline 0 -12"><span class='ocrx_word' id='word_1_21' title='bbox 440 375 556 416; x_wconf 88' lang='lat' dir='ltr'>cium</span> <span class='ocrx_word' id='word_1_22' title='bbox 594 388 825 416; x_wconf 87' lang='lat' dir='ltr'>commune</span> <span class='ocrx_word' id='word_1_23' title='bbox 861 375 1055 428; x_wconf 82' lang='lat' dir='ltr'>cingitur.</span> <span class='ocrx_word' id='word_1_24' title='bbox 1126 375 1183 416; x_wconf 85' lang='lat' dir='ltr'>Hi</span> <span class='ocrx_word' id='word_1_25' title='bbox 1235 376 1378 425; x_wconf 88' lang='lat' dir='ltr'>enim,</span> <span class='ocrx_word' id='word_1_26' title='bbox 1431 388 1529 415; x_wconf 90' lang='lat' dir='ltr'>cum</span> <span class='ocrx_word' id='word_1_27' title='bbox 1580 375 1689 422; x_wconf 79' lang='lat' dir='ltr'>sinus</span> <span class='ocrx_word' id='word_1_28' title='bbox 1735 374 1915 416; x_wconf 75' lang='lat' dir='ltr'>musculi</span> 
     </span>
     <span class='ocr_line' id='line_1_5' title="bbox 443 437 1915 492; baseline -0.001 -12"><span class='ocrx_word' id='word_1_29' title='bbox 443 439 555 490; x_wconf 87' lang='lat' dir='ltr'>fint‚</span> <span class='ocrx_word' id='word_1_30' title='bbox 592 452 675 480; x_wconf 84' lang='lat' dir='ltr'>vna</span> <span class='ocrx_word' id='word_1_31' title='bbox 711 453 806 480; x_wconf 87' lang='lat' dir='ltr'>cum</span> <span class='ocrx_word' id='word_1_32' title='bbox 843 449 936 479; x_wconf 85' lang='lat' dir='ltr'>toto</span> <span class='ocrx_word' id='word_1_33' title='bbox 970 439 1057 479; x_wconf 74' lang='lat' dir='ltr'>sinu</span> <span class='ocrx_word' id='word_1_34' title='bbox 1095 449 1234 492; x_wconf 84' lang='lat' dir='ltr'>agunt.</span> <span class='ocrx_word' id='word_1_35' title='bbox 1294 439 1511 492; x_wconf 76' lang='lat' dir='ltr'>Adeoque</span> <span class='ocrx_word' id='word_1_36' title='bbox 1547 439 1586 479; x_wconf 88' lang='lat' dir='ltr'>se</span> <span class='ocrx_word' id='word_1_37' title='bbox 1628 437 1915 488; x_wconf 80' lang='lat' dir='ltr'>contrahunt,</span> 
     </span>
     <span class='ocr_line' id='line_1_6' title="bbox 438 501 1915 554; baseline 0.001 -11"><span class='ocrx_word' id='word_1_38' title='bbox 438 503 539 544; x_wconf 89' lang='lat' dir='ltr'>dum</span> <span class='ocrx_word' id='word_1_39' title='bbox 577 504 683 544; x_wconf 80' lang='lat' dir='ltr'>sinus</span> <span class='ocrx_word' id='word_1_40' title='bbox 719 505 762 542; x_wconf 88' lang='lat' dir='ltr'>in</span> <span class='ocrx_word' id='word_1_41' title='bbox 799 503 945 554; x_wconf 90' lang='lat' dir='ltr'>systole</span> <span class='ocrx_word' id='word_1_42' title='bbox 980 504 1067 551; x_wconf 91' lang='lat' dir='ltr'>est,</span> <span class='ocrx_word' id='word_1_43' title='bbox 1108 501 1349 543; x_wconf 78' lang='lat' dir='ltr'><strong>relaxantur</strong></span> <span class='ocrx_word' id='word_1_44' title='bbox 1378 501 1454 542; x_wconf 71' lang='lat' dir='ltr'>¹sub</span> <span class='ocrx_word' id='word_1_45' title='bbox 1489 504 1576 544; x_wconf 90' lang='lat' dir='ltr'>eius</span> <span class='ocrx_word' id='word_1_46' title='bbox 1623 501 1804 543; x_wconf 85' lang='lat' dir='ltr'>diastole.</span> <span class='ocrx_word' id='word_1_47' title='bbox 1851 501 1915 544; x_wconf 90' lang='lat' dir='ltr'>-Et</span> 
     </span>
     <span class='ocr_line' id='line_1_7' title="bbox 445 564 1916 620; baseline -0.001 -13"><span class='ocrx_word' id='word_1_48' title='bbox 445 568 736 619; x_wconf 84' lang='lat' dir='ltr'>con-stringunt</span> <span class='ocrx_word' id='word_1_49' title='bbox 772 579 872 618; x_wconf 87' lang='lat' dir='ltr'>ergo</span> <span class='ocrx_word' id='word_1_50' title='bbox 907 578 1039 606; x_wconf 88' lang='lat' dir='ltr'>venae</span> <span class='ocrx_word' id='word_1_51' title='bbox 1073 564 1284 606; x_wconf 76' lang='lat' dir='ltr'>orificium</span> <span class='ocrx_word' id='word_1_52' title='bbox 1336 565 1504 616; x_wconf 53' lang='lat' dir='ltr'>sy&gt;stoles</span> <span class='ocrx_word' id='word_1_53' title='bbox 1555 577 1746 620; x_wconf 86' lang='lat' dir='ltr'>tempore</span> <span class='ocrx_word' id='word_1_54' title='bbox 1767 595 1784 616; x_wconf 83' lang='grc'>,,</span> <span class='ocrx_word' id='word_1_55' title='bbox 1829 578 1916 619; x_wconf 79' lang='lat' dir='ltr'>quo</span> 
     </span>
     <span class='ocr_line' id='line_1_8' title="bbox 438 628 1916 683; baseline 0.001 -14"><span class='ocrx_word' id='word_1_56' title='bbox 438 630 530 682; x_wconf 85' lang='lat' dir='ltr'>ipso</span> <span class='ocrx_word' id='word_1_57' title='bbox 565 629 806 682; x_wconf 12' lang='lat' dir='ltr'>*periculum</span> <span class='ocrx_word' id='word_1_58' title='bbox 844 629 931 678; x_wconf 87' lang='lat' dir='ltr'>est,</span> <span class='ocrx_word' id='word_1_59' title='bbox 986 642 1036 669; x_wconf 89' lang='lat' dir='ltr'>ue</span> <span class='ocrx_word' id='word_1_60' title='bbox 1074 629 1233 682; x_wconf 78' lang='lat' dir='ltr'>sanguis</span> <span class='ocrx_word' id='word_1_61' title='bbox 1270 630 1312 669; x_wconf 87' lang='lat' dir='ltr'>in</span> <span class='ocrx_word' id='word_1_62' title='bbox 1348 641 1502 670; x_wconf 83' lang='lat' dir='ltr'>venam</span> <span class='ocrx_word' id='word_1_63' title='bbox 1533 631 1708 682; x_wconf 85' lang='lat' dir='ltr'>-redcat;</span> <span class='ocrx_word' id='word_1_64' title='bbox 1757 628 1916 683; x_wconf 72' lang='lat' dir='ltr'>patefa-</span> 
     </span>
     <span class='ocr_line' id='line_1_9' title="bbox 437 692 1914 747; baseline 0.002 -16"><span class='ocrx_word' id='word_1_65' title='bbox 437 693 554 732; x_wconf 86' lang='lat' dir='ltr'>ciunt</span> <span class='ocrx_word' id='word_1_66' title='bbox 589 703 733 733; x_wconf 79' lang='lat' dir='ltr'>autem</span> <span class='ocrx_word' id='word_1_67' title='bbox 771 694 884 733; x_wconf 84' lang='lat' dir='ltr'>viam</span> <span class='ocrx_word' id='word_1_68' title='bbox 921 693 1111 734; x_wconf 83' lang='lat' dir='ltr'>diastoles</span> <span class='ocrx_word' id='word_1_69' title='bbox 1133 724 1143 743; x_wconf 91' lang='lat'>,</span> <span class='ocrx_word' id='word_1_70' title='bbox 1181 707 1266 747; x_wconf 87' lang='lat' dir='ltr'>quo</span> <span class='ocrx_word' id='word_1_71' title='bbox 1303 692 1390 734; x_wconf 87' lang='lat' dir='ltr'>solo</span> <span class='ocrx_word' id='word_1_72' title='bbox 1425 693 1587 746; x_wconf 84' lang='lat' dir='ltr'>sanguis</span> <span class='ocrx_word' id='word_1_73' title='bbox 1623 706 1679 733; x_wconf 85' lang='lat' dir='ltr'>ex</span> <span class='ocrx_word' id='word_1_74' title='bbox 1720 706 1829 734; x_wconf 80' lang='lat' dir='ltr'>vena</span> <span class='ocrx_word' id='word_1_75' title='bbox 1872 695 1914 745; x_wconf 66' lang='lat' dir='ltr'>in</span> 
     </span>
     <span class='ocr_line' id='line_1_10' title="bbox 435 756 1912 811; baseline 0.003 -16"><span class='ocrx_word' id='word_1_76' title='bbox 435 756 570 796; x_wconf 86' lang='lat' dir='ltr'>smum</span> <span class='ocrx_word' id='word_1_77' title='bbox 607 757 764 797; x_wconf 76' lang='lat' dir='ltr'>intrare</span> <span class='ocrx_word' id='word_1_78' title='bbox 799 760 945 810; x_wconf 72' lang='lat' dir='ltr'>potest.</span> <span class='ocrx_word' id='word_1_79' title='bbox 1013 757 1064 799; x_wconf 79' lang='lat' dir='ltr'>Si</span> <span class='ocrx_word' id='word_1_80' title='bbox 1099 758 1298 799; x_wconf 60' lang='lat' dir='ltr'>intelleelu</span> <span class='ocrx_word' id='word_1_81' title='bbox 1334 767 1371 798; x_wconf 80' lang='lat' dir='ltr'>et</span> <span class='ocrx_word' id='word_1_82' title='bbox 1406 758 1540 797; x_wconf 77' lang='lat' dir='ltr'>anima</span> <span class='ocrx_word' id='word_1_83' title='bbox 1574 757 1767 798; x_wconf 65' lang='lat' dir='ltr'>ralionali</span> <span class='ocrx_word' id='word_1_84' title='bbox 1788 764 1912 811; x_wconf 79' lang='lat' dir='ltr'>prae-</span> 
     </span>
     <span class='ocr_line' id='line_1_11' title="bbox 439 819 1915 875; baseline 0.001 -13"><span class='ocrx_word' id='word_1_85' title='bbox 439 820 549 862; x_wconf 72' lang='lat' dir='ltr'>ditae</span> <span class='ocrx_word' id='word_1_86' title='bbox 582 821 703 874; x_wconf 72' lang='lat' dir='ltr'>-effem</span> <span class='ocrx_word' id='word_1_87' title='bbox 736 820 812 862; x_wconf 84' lang='lat' dir='ltr'>hae</span> <span class='ocrx_word' id='word_1_88' title='bbox 837 821 976 873; x_wconf 78' lang='lat' dir='ltr'>fibrae</span> <span class='ocrx_word' id='word_1_89' title='bbox 1009 819 1279 875; x_wconf 67' lang='lat' dir='ltr'>mttfiulares,</span> <span class='ocrx_word' id='word_1_90' title='bbox 1316 833 1390 862; x_wconf 83' lang='lat' dir='ltr'>non</span> <span class='ocrx_word' id='word_1_91' title='bbox 1422 822 1573 875; x_wconf 63' lang='lat' dir='ltr'>peffent</span> <span class='ocrx_word' id='word_1_92' title='bbox 1598 819 1698 874; x_wconf 80' lang='lat' dir='ltr'>sane</span> <span class='ocrx_word' id='word_1_93' title='bbox 1738 833 1915 863; x_wconf 76' lang='lat' dir='ltr'>accura-</span> 
     </span>
     <span class='ocr_line' id='line_1_12' title="bbox 440 883 1913 942; baseline 0.002 -16"><span class='ocrx_word' id='word_1_94' title='bbox 440 887 522 926; x_wconf 80' lang='lat' dir='ltr'>tius</span> <span class='ocrx_word' id='word_1_95' title='bbox 546 883 619 939; x_wconf 83' lang='lat' dir='ltr'>suo</span> <span class='ocrx_word' id='word_1_96' title='bbox 657 898 816 927; x_wconf 77' lang='lat' dir='ltr'>munere</span> <span class='ocrx_word' id='word_1_97' title='bbox 841 884 989 942; x_wconf 80' lang='lat' dir='ltr'>fungi,</span> <span class='ocrx_word' id='word_1_98' title='bbox 1027 898 1145 940; x_wconf 85' lang='lat' dir='ltr'>quam</span> <span class='ocrx_word' id='word_1_99' title='bbox 1181 886 1336 940; x_wconf 79' lang='lat' dir='ltr'>quidem</span> <span class='ocrx_word' id='word_1_100' title='bbox 1372 886 1505 927; x_wconf 83' lang='lat' dir='ltr'>diuino</span> <span class='ocrx_word' id='word_1_101' title='bbox 1540 883 1613 927; x_wconf 84' lang='lat' dir='ltr'>hoc</span> <span class='ocrx_word' id='word_1_102' title='bbox 1647 883 1913 929; x_wconf 70' lang='lat' dir='ltr'>mechanismo</span> 
     </span>
     <span class='ocr_line' id='line_1_13' title="bbox 426 947 676 1003; baseline 0 -14"><span class='ocrx_word' id='word_1_103' title='bbox 426 947 676 1003; x_wconf 75' lang='lat' dir='ltr'>funguntur.</span> 
     </span>
    </p>
   </div>
   <div class='ocr_carea' id='block_1_3' title="bbox 426 1075 1915 1577">
    <p class='ocr_par' dir='ltr' id='par_1_3' title="bbox 426 1075 1915 1577">
     <span class='ocr_line' id='line_1_14' title="bbox 568 1075 1913 1133; baseline 0.005 -18"><span class='ocrx_word' id='word_1_104' title='bbox 568 1075 768 1128; x_wconf 86' lang='lat' dir='ltr'>Denique</span> <span class='ocrx_word' id='word_1_105' title='bbox 806 1077 977 1117; x_wconf 89' lang='lat' dir='ltr'>tertium</span> <span class='ocrx_word' id='word_1_106' title='bbox 1014 1086 1162 1117; x_wconf 88' lang='lat' dir='ltr'>contra</span> <span class='ocrx_word' id='word_1_107' title='bbox 1189 1077 1416 1130; x_wconf 79' lang='lat' dir='ltr'>regressum</span> <span class='ocrx_word' id='word_1_108' title='bbox 1436 1078 1643 1132; x_wconf 79' lang='lat' dir='ltr'>sanguinis</span> <span class='ocrx_word' id='word_1_109' title='bbox 1663 1079 1913 1133; x_wconf 76' lang='lat' dir='ltr'>praesidium</span> 
     </span>
     <span class='ocr_line' id='line_1_15' title="bbox 426 1139 1913 1194; baseline 0.003 -16"><span class='ocrx_word' id='word_1_110' title='bbox 426 1139 588 1193; x_wconf 74' lang='lat' dir='ltr'>positio</span> <span class='ocrx_word' id='word_1_111' title='bbox 623 1139 858 1192; x_wconf 85' lang='lat' dir='ltr'>suppeditat</span> <span class='ocrx_word' id='word_1_112' title='bbox 892 1140 1043 1180; x_wconf 88' lang='lat' dir='ltr'>orificii</span> <span class='ocrx_word' id='word_1_113' title='bbox 1078 1141 1268 1194; x_wconf 87' lang='lat' dir='ltr'>proprii,</span> <span class='ocrx_word' id='word_1_114' title='bbox 1301 1142 1509 1181; x_wconf 81' lang='lat' dir='ltr'>contraria</span> <span class='ocrx_word' id='word_1_115' title='bbox 1552 1143 1773 1182; x_wconf 68' lang='lat' dir='ltr'>direffioni</span> <span class='ocrx_word' id='word_1_116' title='bbox 1794 1156 1913 1184; x_wconf 91' lang='lat' dir='ltr'>com-</span> 
     </span>
     <span class='ocr_line' id='line_1_16' title="bbox 434 1201 1912 1258; baseline 0.003 -15"><span class='ocrx_word' id='word_1_117' title='bbox 434 1202 591 1243; x_wconf 86' lang='lat' dir='ltr'>munis.</span> <span class='ocrx_word' id='word_1_118' title='bbox 661 1202 754 1243; x_wconf 80' lang='lat' dir='ltr'>Hac</span> <span class='ocrx_word' id='word_1_119' title='bbox 791 1201 1003 1252; x_wconf 85' lang='lat' dir='ltr'>efficitur,</span> <span class='ocrx_word' id='word_1_120' title='bbox 1038 1213 1115 1252; x_wconf 88' lang='lat' dir='ltr'>vt,</span> <span class='ocrx_word' id='word_1_121' title='bbox 1151 1203 1178 1243; x_wconf 86' lang='lat' dir='ltr'>fi</span> <span class='ocrx_word' id='word_1_122' title='bbox 1214 1204 1315 1255; x_wconf 88' lang='lat' dir='ltr'>qu1d</span> <span class='ocrx_word' id='word_1_123' title='bbox 1349 1203 1456 1244; x_wconf 85' lang='lat' dir='ltr'>forte</span> <span class='ocrx_word' id='word_1_124' title='bbox 1491 1205 1695 1258; x_wconf 83' lang='lat' dir='ltr'>sanguinis</span> <span class='ocrx_word' id='word_1_125' title='bbox 1731 1205 1801 1246; x_wconf 89' lang='lat' dir='ltr'>sub</span> <span class='ocrx_word' id='word_1_126' title='bbox 1820 1206 1912 1247; x_wconf 90' lang='lat' dir='ltr'>val-</span> 
     </span>
     <span class='ocr_line' id='line_1_17' title="bbox 436 1265 1912 1320; baseline 0.002 -12"><span class='ocrx_word' id='word_1_127' title='bbox 436 1266 536 1308; x_wconf 86' lang='lat' dir='ltr'>vula</span> <span class='ocrx_word' id='word_1_128' title='bbox 564 1279 646 1320; x_wconf 79' lang='lat' dir='ltr'>;per</span> <span class='ocrx_word' id='word_1_129' title='bbox 683 1265 896 1307; x_wconf 77' lang='lat' dir='ltr'>orificium</span> <span class='ocrx_word' id='word_1_130' title='bbox 941 1279 1170 1307; x_wconf 87' lang='lat' dir='ltr'>commune</span> <span class='ocrx_word' id='word_1_131' title='bbox 1222 1267 1264 1306; x_wconf 88' lang='lat' dir='ltr'>in</span> <span class='ocrx_word' id='word_1_132' title='bbox 1317 1266 1522 1306; x_wconf 81' lang='lat' dir='ltr'>sacculum</span> <span class='ocrx_word' id='word_1_133' title='bbox 1574 1268 1835 1319; x_wconf 77' lang='lat' dir='ltr'><strong>elaberetur,</strong></span> <span class='ocrx_word' id='word_1_134' title='bbox 1870 1271 1912 1311; x_wconf 87' lang='lat' dir='ltr'>id</span> 
     </span>
     <span class='ocr_line' id='line_1_18' title="bbox 439 1331 1911 1384; baseline 0 -11"><span class='ocrx_word' id='word_1_135' title='bbox 439 1342 581 1373; x_wconf 85' lang='lat' dir='ltr'>tamen</span> <span class='ocrx_word' id='word_1_136' title='bbox 619 1343 705 1371; x_wconf 88' lang='lat' dir='ltr'>non</span> <span class='ocrx_word' id='word_1_137' title='bbox 738 1331 901 1384; x_wconf 83' lang='lat' dir='ltr'>integra</span> <span class='ocrx_word' id='word_1_138' title='bbox 936 1331 1004 1372; x_wconf 86' lang='lat' dir='ltr'>sua</span> <span class='ocrx_word' id='word_1_139' title='bbox 1039 1333 1081 1371; x_wconf 87' lang='lat' dir='ltr'>vi</span> <span class='ocrx_word' id='word_1_140' title='bbox 1117 1331 1160 1370; x_wconf 90' lang='lat' dir='ltr'>in</span> <span class='ocrx_word' id='word_1_141' title='bbox 1194 1343 1349 1371; x_wconf 77' lang='lat' dir='ltr'>venam</span> <span class='ocrx_word' id='word_1_142' title='bbox 1385 1332 1654 1370; x_wconf 82' lang='lat' dir='ltr'>coronariam</span> <span class='ocrx_word' id='word_1_143' title='bbox 1683 1331 1783 1371; x_wconf 89' lang='lat' dir='ltr'>ilico</span> <span class='ocrx_word' id='word_1_144' title='bbox 1801 1333 1911 1373; x_wconf 84' lang='lat' dir='ltr'>eius-</span> 
     </span>
     <span class='ocr_line' id='line_1_19' title="bbox 437 1393 1913 1450; baseline -0.001 -15"><span class='ocrx_word' id='word_1_145' title='bbox 437 1409 518 1450; x_wconf 86' lang='lat' dir='ltr'>que</span> <span class='ocrx_word' id='word_1_146' title='bbox 556 1396 768 1437; x_wconf 76' lang='lat' dir='ltr'>orificium</span> <span class='ocrx_word' id='word_1_147' title='bbox 806 1396 1060 1448; x_wconf 83' lang='lat' dir='ltr'>proprium,</span> <span class='ocrx_word' id='word_1_148' title='bbox 1108 1395 1181 1436; x_wconf 78' lang='lat' dir='ltr'>sed</span> <span class='ocrx_word' id='word_1_149' title='bbox 1218 1395 1365 1448; x_wconf 55' lang='lat' dir='ltr'>4potius</span> <span class='ocrx_word' id='word_1_150' title='bbox 1410 1394 1452 1433; x_wconf 82' lang='lat' dir='ltr'>in</span> <span class='ocrx_word' id='word_1_151' title='bbox 1505 1394 1681 1437; x_wconf 88' lang='lat' dir='ltr'>fundum</span> <span class='ocrx_word' id='word_1_152' title='bbox 1732 1393 1913 1445; x_wconf 78' lang='lat' dir='ltr'>sacculi,</span> 
     </span>
     <span class='ocr_line' id='line_1_20' title="bbox 431 1454 1915 1514; baseline 0 -13"><span class='ocrx_word' id='word_1_153' title='bbox 431 1454 704 1512; x_wconf 63' lang='lat' dir='ltr'>impelleret,</span> <span class='ocrx_word' id='word_1_154' title='bbox 740 1459 841 1508; x_wconf 87' lang='lat' dir='ltr'>vbi,</span> <span class='ocrx_word' id='word_1_155' title='bbox 881 1460 924 1499; x_wconf 78' lang='lat' dir='ltr'>vi</span> <span class='ocrx_word' id='word_1_156' title='bbox 959 1460 1151 1500; x_wconf 77' lang='lat' dir='ltr'>maxima</span> <span class='ocrx_word' id='word_1_157' title='bbox 1184 1458 1339 1509; x_wconf 62' lang='lat' dir='ltr'>fincta,</span> <span class='ocrx_word' id='word_1_158' title='bbox 1373 1471 1524 1514; x_wconf 88' lang='lat' dir='ltr'>parum</span> <span class='ocrx_word' id='word_1_159' title='bbox 1558 1459 1714 1500; x_wconf 85' lang='lat' dir='ltr'>noxiae</span> <span class='ocrx_word' id='word_1_160' title='bbox 1747 1457 1915 1501; x_wconf 82' lang='lat' dir='ltr'>orificio</span> 
     </span>
     <span class='ocr_line' id='line_1_21' title="bbox 428 1518 1120 1577; baseline -0.001 -13"><span class='ocrx_word' id='word_1_161' title='bbox 428 1518 538 1572; x_wconf 52' lang='lat' dir='ltr'>,huic</span> <span class='ocrx_word' id='word_1_162' title='bbox 571 1524 751 1577; x_wconf 82' lang='lat' dir='ltr'>proprio</span> <span class='ocrx_word' id='word_1_163' title='bbox 778 1518 936 1564; x_wconf 54' lang='lat' dir='ltr'>&gt;inferre</span> <span class='ocrx_word' id='word_1_164' title='bbox 970 1523 1120 1577; x_wconf 87' lang='lat' dir='ltr'>potest.</span> 
     </span>
    </p>
   </div>
   <div class='ocr_carea' id='block_1_4' title="bbox 427 1651 1914 2394">
    <p class='ocr_par' dir='ltr' id='par_1_4' title="bbox 427 1651 1914 2344">
     <span class='ocr_line' id='line_1_22' title="bbox 561 1651 1912 1708; baseline 0.001 -16"><span class='ocrx_word' id='word_1_165' title='bbox 561 1651 616 1692; x_wconf 89' lang='lat' dir='ltr'>-In</span> <span class='ocrx_word' id='word_1_166' title='bbox 654 1651 934 1706; x_wconf 85' lang='lat' dir='ltr'>descriptione</span> <span class='ocrx_word' id='word_1_167' title='bbox 969 1651 1161 1693; x_wconf 87' lang='lat' dir='ltr'>valuulae</span> <span class='ocrx_word' id='word_1_168' title='bbox 1197 1653 1427 1702; x_wconf 86' lang='lat' dir='ltr'>annotaui‚</span> <span class='ocrx_word' id='word_1_169' title='bbox 1461 1667 1553 1695; x_wconf 85' lang='lat' dir='ltr'>eam</span> <span class='ocrx_word' id='word_1_170' title='bbox 1574 1685 1586 1704; x_wconf 90' lang='lat'>‚</span> <span class='ocrx_word' id='word_1_171' title='bbox 1622 1653 1831 1708; x_wconf 87' lang='lat' dir='ltr'>imprimis</span> <span class='ocrx_word' id='word_1_172' title='bbox 1869 1652 1912 1694; x_wconf 85' lang='lat' dir='ltr'>in</span> 
     </span>
     <span class='ocr_line' id='line_1_23' title="bbox 433 1714 1912 1767; baseline -0.001 -10"><span class='ocrx_word' id='word_1_173' title='bbox 433 1714 565 1757; x_wconf 83' lang='lat' dir='ltr'>fundo</span> <span class='ocrx_word' id='word_1_174' title='bbox 593 1746 605 1766; x_wconf 81' lang='lat'>‚</span> <span class='ocrx_word' id='word_1_175' title='bbox 640 1715 785 1757; x_wconf 82' lang='lat' dir='ltr'>multis</span> <span class='ocrx_word' id='word_1_176' title='bbox 821 1715 1114 1767; x_wconf 70' lang='lat' dir='ltr'>fmaminulis,</span> <span class='ocrx_word' id='word_1_177' title='bbox 1150 1718 1192 1756; x_wconf 90' lang='lat' dir='ltr'>in</span> <span class='ocrx_word' id='word_1_178' title='bbox 1229 1730 1281 1757; x_wconf 91' lang='lat' dir='ltr'>eo</span> <span class='ocrx_word' id='word_1_179' title='bbox 1305 1746 1315 1765; x_wconf 94' lang='lat'>,</span> <span class='ocrx_word' id='word_1_180' title='bbox 1352 1717 1467 1757; x_wconf 87' lang='lat' dir='ltr'>cuius</span> <span class='ocrx_word' id='word_1_181' title='bbox 1503 1718 1669 1758; x_wconf 87' lang='lat' dir='ltr'>iconem</span> <span class='ocrx_word' id='word_1_182' title='bbox 1706 1717 1912 1766; x_wconf 85' lang='lat' dir='ltr'>adiunxi,</span> 
     </span>
     <span class='ocr_line' id='line_1_24' title="bbox 435 1779 1910 1836; baseline 0 -16"><span class='ocrx_word' id='word_1_183' title='bbox 435 1780 563 1821; x_wconf 88' lang='lat' dir='ltr'>corde</span> <span class='ocrx_word' id='word_1_184' title='bbox 599 1790 856 1835; x_wconf 79' lang='lat' dir='ltr'>‚perruptam</span> <span class='ocrx_word' id='word_1_185' title='bbox 903 1780 1049 1831; x_wconf 83' lang='lat' dir='ltr'>fuiffe,</span> <span class='ocrx_word' id='word_1_186' title='bbox 1102 1790 1143 1821; x_wconf 90' lang='lat' dir='ltr'>et</span> <span class='ocrx_word' id='word_1_187' title='bbox 1188 1780 1307 1821; x_wconf 84' lang='lat' dir='ltr'>causa</span> <span class='ocrx_word' id='word_1_188' title='bbox 1351 1779 1469 1822; x_wconf 84' lang='lat' dir='ltr'>facile</span> <span class='ocrx_word' id='word_1_189' title='bbox 1505 1791 1708 1836; x_wconf 84' lang='lat' dir='ltr'>apparet,</span> <span class='ocrx_word' id='word_1_190' title='bbox 1760 1793 1833 1820; x_wconf 88' lang='lat' dir='ltr'>cur</span> <span class='ocrx_word' id='word_1_191' title='bbox 1867 1781 1910 1820; x_wconf 90' lang='lat' dir='ltr'>id</span> 
     </span>
     <span class='ocr_line' id='line_1_25' title="bbox 431 1837 1914 1890; baseline 0.003 -6"><span class='ocrx_word' id='word_1_192' title='bbox 431 1844 618 1885; x_wconf 80' lang='lat' dir='ltr'>notabile</span> <span class='ocrx_word' id='word_1_193' title='bbox 670 1845 875 1885; x_wconf 80' lang='lat' dir='ltr'>videatur.</span> <span class='ocrx_word' id='word_1_194' title='bbox 962 1837 1161 1890; x_wconf 68' lang='lat' dir='ltr'>Pfflum„</span> <span class='ocrx_word' id='word_1_195' title='bbox 1196 1839 1252 1889; x_wconf 88' lang='lat' dir='ltr'>L.</span> <span class='ocrx_word' id='word_1_196' title='bbox 1287 1839 1334 1889; x_wconf 90' lang='lat' dir='ltr'>B.</span> <span class='ocrx_word' id='word_1_197' title='bbox 1371 1856 1438 1888; x_wconf 79' lang='lat' dir='ltr'>DE</span> <span class='ocrx_word' id='word_1_198' title='bbox 1478 1839 1687 1890; x_wconf 78' lang='lat' dir='ltr'><strong>HALLER</strong></span> <span class='ocrx_word' id='word_1_199' title='bbox 1725 1843 1914 1885; x_wconf 73' lang='lat' dir='ltr'>similiter</span> 
     </span>
     <span class='ocr_line' id='line_1_26' title="bbox 429 1907 1911 1962; baseline -0.001 -14"><span class='ocrx_word' id='word_1_200' title='bbox 429 1908 572 1949; x_wconf 84' lang='lat' dir='ltr'>cordis</span> <span class='ocrx_word' id='word_1_201' title='bbox 625 1909 853 1957; x_wconf 86' lang='lat' dir='ltr'>meminit,</span> <span class='ocrx_word' id='word_1_202' title='bbox 908 1909 950 1949; x_wconf 91' lang='lat' dir='ltr'>in</span> <span class='ocrx_word' id='word_1_203' title='bbox 1004 1922 1089 1962; x_wconf 90' lang='lat' dir='ltr'>quo</span> <span class='ocrx_word' id='word_1_204' title='bbox 1141 1909 1357 1949; x_wconf 84' lang='lat' dir='ltr'>valuulam</span> <span class='ocrx_word' id='word_1_205' title='bbox 1393 1908 1499 1949; x_wconf 85' lang='lat' dir='ltr'>hanc</span> <span class='ocrx_word' id='word_1_206' title='bbox 1535 1908 1796 1950; x_wconf 82' lang='lat' dir='ltr'>reticulatam</span> <span class='ocrx_word' id='word_1_207' title='bbox 1833 1907 1911 1948; x_wconf 82' lang='lat' dir='ltr'>effe</span> 
     </span>
     <span class='ocr_line' id='line_1_27' title="bbox 427 1970 1913 2027; baseline 0 -18"><span class='ocrx_word' id='word_1_208' title='bbox 427 1971 548 2011; x_wconf 80' lang='lat' dir='ltr'>vidit.</span> <span class='ocrx_word' id='word_1_209' title='bbox 620 1971 788 2027; x_wconf 89' lang='lat' dir='ltr'>(Elem.</span> <span class='ocrx_word' id='word_1_210' title='bbox 826 1972 1009 2024; x_wconf 84' lang='lat' dir='ltr'>Physiol.</span> <span class='ocrx_word' id='word_1_211' title='bbox 1047 1973 1179 2014; x_wconf 90' lang='lat' dir='ltr'>Tom.</span> <span class='ocrx_word' id='word_1_212' title='bbox 1217 1972 1247 2013; x_wconf 92' lang='grc' dir='ltr'>Ι.</span> <span class='ocrx_word' id='word_1_213' title='bbox 1284 1985 1376 2026; x_wconf 87' lang='lat' dir='ltr'>pag.</span> <span class='ocrx_word' id='word_1_214' title='bbox 1418 1971 1557 2026; x_wconf 84' lang='lat'><strong>376.)</strong></span> <span class='ocrx_word' id='word_1_215' title='bbox 1594 1970 1803 2014; x_wconf 85' lang='lat' dir='ltr'>Eustachii</span> <span class='ocrx_word' id='word_1_216' title='bbox 1839 1983 1913 2010; x_wconf 90' lang='lat' dir='ltr'>au-</span> 
     </span>
     <span class='ocr_line' id='line_1_28' title="bbox 431 2033 1912 2090; baseline 0 -17"><span class='ocrx_word' id='word_1_217' title='bbox 431 2042 520 2073; x_wconf 78' lang='lat' dir='ltr'>tem</span> <span class='ocrx_word' id='word_1_218' title='bbox 557 2035 769 2076; x_wconf 88' lang='lat' dir='ltr'>valuulam</span> <span class='ocrx_word' id='word_1_219' title='bbox 809 2036 977 2077; x_wconf 88' lang='lat' dir='ltr'>solitum</span> <span class='ocrx_word' id='word_1_220' title='bbox 1014 2036 1099 2079; x_wconf 89' lang='lat' dir='ltr'>fere</span> <span class='ocrx_word' id='word_1_221' title='bbox 1134 2038 1191 2079; x_wconf 89' lang='lat' dir='ltr'>est</span> <span class='ocrx_word' id='word_1_222' title='bbox 1226 2046 1471 2090; x_wconf 76' lang='lat' dir='ltr'>perruptam</span> <span class='ocrx_word' id='word_1_223' title='bbox 1509 2037 1699 2077; x_wconf 85' lang='lat' dir='ltr'>inuenire</span> <span class='ocrx_word' id='word_1_224' title='bbox 1735 2033 1912 2074; x_wconf 87' lang='lat' dir='ltr'>forami-</span> 
     </span>
     <span class='ocr_line' id='line_1_29' title="bbox 428 2096 1909 2154; baseline 0 -17"><span class='ocrx_word' id='word_1_225' title='bbox 428 2096 539 2137; x_wconf 88' lang='lat' dir='ltr'>nulis</span> <span class='ocrx_word' id='word_1_226' title='bbox 561 2127 572 2143; x_wconf 80' lang='grc'><em>,</em></span> <span class='ocrx_word' id='word_1_227' title='bbox 625 2109 696 2139; x_wconf 89' lang='lat' dir='ltr'>aut</span> <span class='ocrx_word' id='word_1_228' title='bbox 733 2099 960 2139; x_wconf 78' lang='lat' dir='ltr'>laceratam</span> <span class='ocrx_word' id='word_1_229' title='bbox 997 2102 1123 2142; x_wconf 88' lang='lat' dir='ltr'>variis</span> <span class='ocrx_word' id='word_1_230' title='bbox 1160 2102 1330 2148; x_wconf 85' lang='lat' dir='ltr'>modis,</span> <span class='ocrx_word' id='word_1_231' title='bbox 1383 2110 1423 2140; x_wconf 89' lang='lat' dir='ltr'>et</span> <span class='ocrx_word' id='word_1_232' title='bbox 1459 2100 1577 2154; x_wconf 83' lang='lat' dir='ltr'>saepe</span> <span class='ocrx_word' id='word_1_233' title='bbox 1611 2098 1774 2152; x_wconf 84' lang='lat' dir='ltr'>egregie</span> <span class='ocrx_word' id='word_1_234' title='bbox 1810 2098 1909 2138; x_wconf 80' lang='lat' dir='ltr'>reti-</span> 
     </span>
     <span class='ocr_line' id='line_1_30' title="bbox 430 2160 1911 2216; baseline 0.001 -15"><span class='ocrx_word' id='word_1_235' title='bbox 430 2160 642 2210; x_wconf 84' lang='lat' dir='ltr'>culatam,</span> <span class='ocrx_word' id='word_1_236' title='bbox 679 2161 851 2216; x_wconf 89' lang='lat' dir='ltr'>qualem</span> <span class='ocrx_word' id='word_1_237' title='bbox 888 2162 1149 2204; x_wconf 84' lang='lat' dir='ltr'>admiramur</span> <span class='ocrx_word' id='word_1_238' title='bbox 1184 2165 1227 2205; x_wconf 83' lang='lat' dir='ltr'>in</span> <span class='ocrx_word' id='word_1_239' title='bbox 1262 2162 1545 2216; x_wconf 85' lang='lat' dir='ltr'>pulcherrima</span> <span class='ocrx_word' id='word_1_240' title='bbox 1591 2163 1767 2203; x_wconf 85' lang='lat' dir='ltr'>leonum</span> <span class='ocrx_word' id='word_1_241' title='bbox 1813 2174 1911 2202; x_wconf 80' lang='lat' dir='ltr'>ana-</span> 
     </span>
     <span class='ocr_line' id='line_1_31' title="bbox 429 2219 1911 2279; baseline 0.004 -14"><span class='ocrx_word' id='word_1_242' title='bbox 429 2225 711 2276; x_wconf 64' lang='lat' dir='ltr'>amicarum,</span> <span class='ocrx_word' id='word_1_243' title='bbox 749 2224 888 2266; x_wconf 88' lang='lat' dir='ltr'>fascul.</span> <span class='ocrx_word' id='word_1_244' title='bbox 928 2224 1005 2266; x_wconf 93' lang='lat' dir='ltr'>IV.</span> <span class='ocrx_word' id='word_1_245' title='bbox 1026 2225 1134 2266; x_wconf 87' lang='lat' dir='ltr'>Tab.</span> <span class='ocrx_word' id='word_1_246' title='bbox 1157 2227 1341 2266; x_wconf 67' lang='lat' dir='ltr'>-ostaua</span> <span class='ocrx_word' id='word_1_247' title='bbox 1376 2224 1518 2279; x_wconf 84' lang='lat' dir='ltr'>figu&#39;ra.</span> <span class='ocrx_word' id='word_1_248' title='bbox 1590 2222 1692 2270; x_wconf 83' lang='lat' dir='ltr'>VIR</span> <span class='ocrx_word' id='word_1_249' title='bbox 1713 2219 1911 2271; x_wconf 84' lang='lat' dir='ltr'>PERILL.</span> 
     </span>
     <span class='ocr_line' id='line_1_32' title="bbox 428 2289 1911 2344; baseline 0 -15"><span class='ocrx_word' id='word_1_250' title='bbox 428 2299 604 2339; x_wconf 87' lang='lat' dir='ltr'>monet,</span> <span class='ocrx_word' id='word_1_251' title='bbox 658 2289 771 2330; x_wconf 87' lang='lat' dir='ltr'>hunc</span> <span class='ocrx_word' id='word_1_252' title='bbox 820 2289 983 2344; x_wconf 89' lang='lat' dir='ltr'>semper</span> <span class='ocrx_word' id='word_1_253' title='bbox 1019 2289 1215 2332; x_wconf 60' lang='lat' dir='ltr'>effectum</span> <span class='ocrx_word' id='word_1_254' title='bbox 1251 2290 1330 2332; x_wconf 83' lang='lat' dir='ltr'>effe</span> <span class='ocrx_word' id='word_1_255' title='bbox 1366 2290 1461 2339; x_wconf 82' lang='lat' dir='ltr'>vis,</span> <span class='ocrx_word' id='word_1_256' title='bbox 1514 2290 1708 2332; x_wconf 83' lang='lat' dir='ltr'>valuulae</span> <span class='ocrx_word' id='word_1_257' title='bbox 1744 2289 1911 2339; x_wconf 85' lang='lat' dir='ltr'>illatae,</span> 
     </span>
    </p>

    <p class='ocr_par' dir='ltr' id='par_1_5' title="bbox 1867 2360 1911 2394">
     <span class='ocr_line' id='line_1_33' title="bbox 1867 2360 1911 2394; baseline -0.023 0"><span class='ocrx_word' id='word_1_258' title='bbox 1867 2360 1911 2394; x_wconf 77' lang='lat' dir='ltr'>et</span> 
     </span>
    </p>
   </div>
  </div>
 </body>
</html>
