2029 2750
619 222 736 280 »3213
801 227 932 284 )⁷(
995 222 1109 280 5³23·-

136 355 254 391 tanto
286 341 549 398 angustiores,
583 350 741 396 quanto
775 342 1046 385 exercitatIOr
1079 348 1203 394 atque
1238 338 1452 383 dexterior
1470 337 1596 380 fuerit

136 411 386 456 obseruator.
453 406 588 447 Extra
619 406 743 448 hosce
778 406 931 449 limites
976 407 1116 448 omnis
1166 404 1437 460 probabilitas
1487 402 1599 444 nulla

136 474 223 524 est3
256 486 281 512 a
312 471 514 512 limitibus
548 471 687 512 versus
722 472 905 523 mediam
940 481 1099 512 metam
1141 469 1341 512 increscet
1372 466 1597 524 probabili-

136 546 197 581 tas
232 544 356 588 atque
391 535 582 575 maxima
613 535 692 575 erit
726 536 770 575 in
805 534 890 589 ipsa
922 534 1000 576 hac
1035 544 1159 576 meta.

232 602 267 650 §.
304 602 347 639 6.
381 597 592 639 Praefatae
626 600 916 639 annotationes
960 598 1142 652 aliquam
1186 599 1328 640 sistunt
1369 598 1507 640 ideam
1549 596 1601 638 de

135 664 241 708 scala
257 662 602 718 probabilitatum
621 675 699 716 pro
718 664 914 703 omnibus
949 662 1293 711 aberrationibus,
1327 674 1455 714 quam
1489 662 1601 715 quis·

135 742 219 783 que
253 727 497 768 obseruator
530 727 695 767 sibimet
728 727 801 780 ipfi
837 726 1021 766 formare
1065 727 1244 774 debeat,
1298 738 1383 764 non
1427 725 1599 778 quidem

137 792 191 833 ad
224 791 414 832 amuffim
447 802 624 832 veram.
660 788 728 829 sed
773 798 913 829 tamen
967 797 1138 829 naturae
1189 788 1439 841 quaestionis
1491 787 1604 827 haud

78 901 81 905 r
140 855 249 897 male
283 854 673 895 accommodatam:
724 862 838 892 meta
881 851 1096 906 propofita
1137 852 1194 892 est
1228 850 1359 891 veluti
1410 859 1605 890 centrum

136 919 326 967 virium,
360 918 404 957 in
437 916 551 970 quod
584 916 777 956 nituntur
809 915 1125 968 obseruatores3
1157 915 1222 956 his
1256 927 1361 955 vero
1389 912 1606 955 conatibus

138 984 385 1025 innumerae
418 989 694 1034 opponuntur
724 979 1064 1034 imperfectiones
1115 979 1375 1031 minimaque
1419 978 1499 1018 alia
1531 977 1606 1018 ob-

139 1046 291 1088 stacula
322 1045 556 1093 latitantia,
590 1056 696 1096 qnae
728 1044 927 1098 paruulos
960 1043 1135 1084 iniicere
1169 1043 1334 1098 possunt
1352 1040 1607 1082 obseruatio-

139 1109 261 1151 nibus
294 1119 454 1148 errores
486 1107 684 1148 fortuitos
703 1138 716 1158 ,
750 1107 854 1148 alios
886 1107 1170 1162 conspirantes
1215 1106 1266 1147 ad
1309 1105 1485 1147 eandem
1519 1105 1607 1158 pla-

138 1183 252 1227 gam,
271 1170 373 1212 alios
407 1171 480 1211 fibi
513 1172 700 1212 inuicem
734 1173 989 1221 contrarios,
1023 1171 1166 1226 prouti
1184 1170 1352 1211 fortuna
1370 1169 1493 1210 suerit
1510 1169 1606 1222 plus

141 1236 336 1278 minusue
369 1233 525 1276 infesta.
592 1235 846 1290 Intelligitur
878 1236 1010 1286 hinc,
1043 1235 1229 1287 aliquam
1256 1233 1335 1274 effe
1353 1232 1606 1274 relationem

141 1297 254 1340 inter
286 1310 447 1340 errores
481 1299 754 1348 commissos,
786 1308 829 1339 et
863 1298 995 1352 ipsam
1027 1310 1174 1338 veram
1201 1296 1453 1350 pofitionem
1472 1295 1607 1336 centri

139 1363 298 1404 virium
331 1363 390 1402 ita
422 1371 471 1402 vt
502 1374 583 1415 pro
616 1361 696 1400 alia
728 1371 864 1401 metae
898 1360 1107 1414 pofitione
1159 1359 1281 1400 aliter
1330 1360 1606 1400 aestimandus

142 1426 192 1467 fit
224 1423 418 1464 fortunae
454 1433 655 1463 euentus:
688 1423 770 1463 hoc
804 1424 937 1464 modo
969 1424 1193 1463 incidimus
1226 1422 1395 1475 proprie
1430 1422 1473 1460 in
1508 1433 1608 1475 pro-

144 1488 308 1535 blema,
343 1497 428 1539 quo
462 1486 775 1527 determinanda
809 1487 865 1526 est
903 1486 1059 1540 pofitio
1093 1494 1233 1525 metae
1269 1496 1396 1537 quam
1418 1485 1607 1525 maxime

142 1549 366 1605 probabilis
401 1561 457 1589 ex
490 1549 669 1601 cognitis
704 1548 864 1602 aliquot
907 1549 1067 1590 ictuum
1100 1548 1218 1589 locis.
1273 1547 1346 1588 Ex
1380 1547 1511 1589 allatis
1547 1547 1607 1589 se-

139 1613 312 1667 quitur,
346 1612 459 1666 quod
493 1622 588 1653 ante
623 1612 768 1652 omnia
800 1610 904 1652 scala
937 1611 1215 1666 concipienda
1247 1611 1297 1652 fit
1329 1612 1441 1652 inter
1466 1612 1604 1653 varias

138 1675 345 1717 distantias
380 1690 404 1715 a
437 1685 584 1716 centro
617 1676 773 1716 virium
793 1705 805 1725 ,
840 1676 953 1728 quod
989 1677 1032 1716 in
1069 1675 1160 1730 ipso
1193 1673 1324 1729 scopo
1372 1675 1441 1715 vel
1492 1684 1606 1717 meta

138 1739 323 1796 positum
357 1739 435 1779 erit
454 1769 466 1788 ,
500 1749 542 1780 et
559 1739 855 1793 respondentes
881 1740 1226 1794 probabilitates:
1260 1747 1474 1790 vtcunque
1493 1750 1602 1790 vaga

138 1803 189 1845 fit
222 1802 344 1842 huius
380 1801 507 1843 scalae
541 1803 866 1853 determinatio,
899 1804 1068 1844 videtur
1102 1813 1246 1842 tamen
1289 1802 1415 1841 variis
1460 1800 1608 1841 subiici

141 1866 451 1914 axiomatibus,
487 1866 637 1919 quibus
670 1867 700 1906 fi
735 1865 1052 1917 satisfaciamus,
1087 1878 1174 1906 non
1207 1863 1404 1918 poffimus
1441 1876 1526 1905 non
1561 1864 1608 1905 in

141 1928 319 1971 meliora
351 1928 564 1978 incidere,
614 1942 742 1983 quam
777 1930 806 1970 fi
840 1943 1047 1984 ponamus
1098 1927 1274 1982 singulas
1325 1928 1609 1969 aberrationes

140 2002 354 2045 vtcunque
388 2005 556 2047 magnas
591 2006 722 2046 aequa
755 1992 952 2035 facilitate
980 1992 1193 2035 committi
1213 2001 1337 2046 atque
1354 1992 1459 2033 adeo
1477 2004 1611 2045 aequa

139 2055 433 2111 probabilitate
465 2057 543 2097 ess‘e
577 2056 762 2097 donatas.
833 2054 1138 2113 Concipiamus
1174 2055 1329 2097 lineam
1363 2055 1534 2105 rectam,
1563 2055 1609 2094 in

143 2131 226 2171 qua
256 2119 416 2159 diuersa
450 2121 604 2173 puncta
636 2121 715 2160 fint
747 2120 954 2175 positione
988 2123 1112 2171 data,
1160 2132 1266 2174 quae
1310 2120 1513 2161 nimirum
1546 2118 1609 2158 di-

143 2181 353 2222 versarum
387 2183 727 2225 obseruationum
761 2194 935 2226 euentus
969 2185 1186 2237 indicent3
1222 2191 1392 2225 notetur
1434 2182 1477 2222 in
1527 2180 1608 2222 hac

143 2240 256 2282 linea
287 2246 484 2296 puncium
520 2248 689 2301 aliquod
724 2249 1022 2291 intermedium
1042 2280 1052 2300 ,
1104 2247 1219 2304 quod
1254 2260 1333 2302 pro
1366 2258 1466 2286 vera
1501 2243 1603 2298 pofi-

146 2306 263 2344 tione
299 2306 610 2352 determinanda
644 2313 901 2366 accipiatur,
936 2327 992 2355 ex
1026 2312 1195 2366 fingulis
1240 2311 1401 2365 punctis
1445 2308 1606 2359 erigan-

145 2375 216 2410 (ω’
245 2371 618 2427 ΡθῙΡΕΠᾰῙΕῑῑῙᾶῙθδ»
651 2387 757 2431 quae
789 2377 1128 2433 probabilitates,
1163 2374 1296 2418 cuiuis
1329 2371 1485 2428 puncto
1506 2380 1605 2439 con-

1488 2444 1608 2474 vem—
