2029 2750
597 135 708 185 0&ss
773 132 964 191 )365(
1029 138 1141 187 &3³3⁴-

150 245 324 299 amplius
347 247 431 299 spes
463 246 539 286 csse
558 246 734 294 videtur,
753 256 800 286 vt
818 247 1122 289 obseruationes
1146 249 1318 291 secunda
1349 254 1602 306 apparitione

148 309 288 358 saetae,
327 311 586 363 impleantur.
630 310 740 348 Hinc
776 312 952 349 omnino
989 313 1249 363 praesumere
1286 319 1499 364 conuenit,
1535 320 1610 358 ob·

148 373 430 413 seruationum
483 386 561 425 pro
612 372 752 412 diebus
809 385 864 421 30
904 374 1008 413 Iunii
1063 388 1079 412 1
1121 385 1160 414 et
1201 388 1222 423 3
1261 375 1355 416 Iulii
1391 381 1609 420 dissensum

149 452 170 476 a
207 436 364 476 calculo
410 436 661 488 potissimum
697 438 847 476 actioni
885 438 1040 478 telluris
1077 439 1118 477 in
1157 439 1340 479 nostrum
1380 439 1608 483 Cometam

148 500 223 540 ess'e
259 499 586 548 adscribendum,
623 513 696 539 nec
733 500 810 540 alia
846 501 936 541 sane
971 503 1202 555 excogitari
1238 504 1373 555 potest
1409 506 1516 544 ratio
1542 507 1613 546 ad·

150 572 321 614 aequata
343 593 352 610 ,
398 566 506 602 vnde
551 576 710 603 errores
747 574 830 604 tam
867 578 1058 604 enormes
1094 567 1270 606 deriuari
1306 568 1476 619 possent.
1547 568 1612 608 Si·—

149 626 238 666 mul
288 639 388 665 vero
434 639 479 666 ac
527 626 779 679 supponatur
816 626 1020 669 Cometae
1058 639 1220 669 motum
1257 630 1374 670 dietis
1410 632 1552 671 diebus
1589 646 1612 671 a

149 689 296 729 tellure
332 689 443 728 fuisse
480 691 788 742 perturbatum,
826 692 930 731 nihil
966 692 1086 745 plane
1123 693 1279 733 necesse
1315 695 1384 742 est,
1421 705 1467 734 vt
1503 695 1613 735 solli-

150 753 220 792 citi
258 753 378 791 simus
417 753 466 792 de
503 755 804 806 componendis
849 757 956 796 inter
991 755 1028 795 se
1064 756 1418 798 obseruationibus
1454 759 1614 810 primae

152 826 192 855 et
228 816 425 856 secundae
461 819 747 868 apparitionis,
785 828 827 858 et
858 829 946 858 tum
985 820 1151 871 quidem
1190 819 1394 859 suffecerit
1417 821 1613 861 Elemen-

152 889 193 918 ta
228 879 453 927 detexisse,
490 880 636 932 quibus
671 883 908 934 posterioris
944 885 1104 935 generis
1142 882 1447 924 obseruationes
1484 885 1618 924 adim-

150 942 352 996 pleantur.

303 1009 335 1056 ξ.
377 1019 447 1055 33.
516 1006 660 1060 Quum
707 1008 754 1046 fit
789 1009 981 1048 semiaxis
1019 1007 1153 1048 maior
1188 1008 1403 1061 ellipseos,
1456 1011 1498 1049 in
1535 1021 1617 1063 qua

153 1067 380 1111 Cometam
419 1071 580 1109 moueri
616 1072 854 1110 inuenimus
890 1085 944 1108 Ξ
967 1082 1007 1117 3,
1033 1075 1218 1117 115586
1253 1080 1295 1110 et
1328 1071 1521 1112 distantia
1541 1072 1617 1112 Pe-

152 1133 287 1174 rihelii
325 1146 365 1179 0,
389 1136 597 1181 675461,
642 1134 720 1171 erit
756 1133 943 1171 distantia
978 1131 1152 1185 Aphelii
1186 1147 1241 1172 z
1263 1145 1302 1183 5,
1326 1145 1506 1183 555711
1531 1165 1542 1185 ,
1577 1143 1619 1175 et

152 1197 419 1237 exentricitas
473 1197 513 1232 in
566 1194 750 1245 partibus
803 1195 1014 1235 distantiae
1062 1196 1222 1236 mediae
1267 1195 1375 1237 Solis
1422 1213 1444 1238 a
1477 1197 1617 1239 Terra

151 1275 205 1299 z
232 1272 270 1306 2,
292 1268 505 1306 4401253
558 1256 655 1296 hinc
695 1257 940 1311 perspicitur
977 1256 1208 1299 Cometam
1244 1261 1430 1301 nostrum
1465 1262 1508 1301 in
1542 1261 1619 1302 Pe-

154 1320 303 1361 tihelio
355 1318 442 1358 Soli
487 1319 563 1359 effe
608 1322 907 1373 propriorem,
959 1335 1083 1375 quam
1128 1322 1340 1364 Planetam
1386 1323 1617 1374 Venerem,

153 1384 316 1435 longius
369 1392 506 1422 autem
559 1393 770 1422 remotum
825 1398 951 1436 quam
996 1386 1290 1438 Mercurium3
1340 1397 1487 1429 contra
1519 1400 1623 1428 vero

156 1445 339 1487 Cometa
373 1446 415 1484 in
452 1446 616 1497 aphelio
662 1446 838 1485 existens
892 1447 1152 1499 aliquantulo
1187 1451 1321 1501 magis
1357 1465 1380 1489 a
1411 1450 1508 1491 Sole
1544 1451 1623 1491 erit

154 1518 340 1550 remotus
376 1520 502 1560 quam
538 1508 710 1561 Iupiter,
746 1509 924 1562 ideoque
970 1511 1106 1550 orbita
1159 1508 1364 1552 Cometae
1401 1523 1490 1554 tota
1515 1514 1626 1553 intra

157 1573 337 1613 orbitam
373 1570 540 1611 Saturni
576 1572 970 1625 comprehendetur,
1006 1575 1068 1613 vti
1103 1575 1279 1614 vicissim
1307 1575 1487 1615 orbitam
1506 1576 1623 1616 Mer·-

160 1637 264 1676 curii
300 1625 497 1683 includit,
532 1634 790 1686 reliquorum
827 1646 965 1676 autem
1001 1637 1267 1690 planetarum
1303 1638 1460 1678 orbitae
1482 1670 1492 1689 ,
1527 1652 1622 1691 par-

159 1701 235 1740 tim
272 1700 394 1745 intra,
429 1698 580 1751 partim
618 1708 738 1739 extra
771 1699 929 1752 ellipsin
962 1698 1169 1741 Cometae
1205 1701 1409 1742 iacebunt.
1475 1701 1624 1754 Angu-

159 1762 221 1802 lus
266 1774 396 1814 porro
441 1761 672 1800 anomaliae
710 1777 732 1802 a
766 1763 972 1803 Perihelio
1019 1773 1284 1817 computatus
1319 1778 1397 1817 pro
1431 1764 1631 1805 distantia'

162 1825 299 1866 media
335 1821 539 1864 cometae
576 1838 597 1863 a
622 1823 731 1875 Sole,
751 1827 830 1866 erit
871 1830 986 1876 141⁰.
1011 1828 1091 1876 33‘.
1119 1825 1197 1864 16‘l
1235 1837 1276 1866 et
1311 1837 1474 1880 tempus
1509 1829 1623 1881 quod

163 1886 346 1929 Cometa
390 1886 594 1939 impendit
643 1888 690 1927 ad
725 1889 1038 1930 describendum
1074 1890 1184 1928 hunc
1220 1891 1417 1942 angulum
1456 1906 1478 1930 a
1513 1891 1626 1931 Peri·

162 1951 276 1992 helio
311 1952 391 1990 erit
431 1962 534 1998 251,
556 1961 614 1999 77
634 1949 749 1993 Dier.
771 1984 781 2003 ,
818 1954 929 2006 quod
967 1954 993 1992 si
1031 1952 1288 1992 subtrahatur
1311 1953 1496 1994 asemiffi
1518 1965 1625 1995 tem·

163 2015 275 2068 poris
312 2013 515 2053 Pei-iodici
555 2026 593 2061 2,
617 2020 741 2064 7496
776 2016 926 2063 Annis,
948 2016 1156 2056 residuum
1191 2016 1303 2055 dabit
1337 2025 1502 2070 tempus
1538 2031 1624 2071 quo

164 2076 343 2116 Cometa
378 2091 400 2116 a
433 2077 617 2116 distantia
654 2080 791 2118 media
824 2080 874 2119 ad
909 2078 1095 2132 Apheliu
1116 2092 1157 2119 m
1192 2081 1324 2132 pergit
1358 2092 1536 2129 1752,
1569 2092 1623 2129 53

163 2139 284 2180 Dior.
351 2140 430 2180 Per
466 2140 674 2192 aphelium
720 2155 821 2182 vcro
860 2141 1086 2183 Cometam
1119 2143 1299 2182 nostrum
1338 2144 1529 2183 transiisse
1565 2145 1627 2183 in-

167 2202 381 2253 telligitur,
416 2203 544 2242 Anno
586 2208 703 2252 1767
739 2206 804 2246 die
845 2218 913 2254 13,
955 2210 1078 2257 3964
1115 2205 1396 2260 Nouembris,
1429 2208 1627 2248 existente

170 2275 261 2305 tum
295 2265 576 2319 Longitudine
613 2268 699 2308 eius
738 2271 798 2318 5⁵·.
822 2272 906 2308 26⁰.
934 2266 1012 2317 19¹.

853 2330 930 2374 zz
968 2344 991 2384 3
1482 2336 1516 2387 §-
1555 2347 1624 2385 34·
