2029 2750
211 1238 298 1274 Tab.
325 1239 399 1273 ΧΠ.

242 1288 310 1335 Fig.
341 1301 372 1332 3.

866 151 981 206 »ξεῖ-Ξ
1046 148 1061 210 )
1100 163 1187 206 292
1224 151 1241 210 (
1305 151 1423 206 ἓῖεὲι·

417 269 547 315 etiam
581 270 632 313 de
666 268 976 326 reapparitione
1010 268 1066 311 est
1101 267 1326 312 tenendum
1347 299 1359 319 ‚
1411 278 1517 322 quae
1553 265 1690 310 multo
1726 268 1878 314 tardius

419 338 586 378 eueniet
606 367 617 385 ,
667 349 793 391 quam
829 333 1030 376 Saturnus
1066 334 1108 373 in
1146 342 1380 374 memorata
1414 332 1619 387 positione
1653 332 1778 374 fuerit
1811 331 1882 374 de·

419 400 656 455 prehensus.
694 398 810 454 Quin
848 399 974 439 etiam
1012 396 1180 439 euenire
1214 396 1362 451 potest,
1389 408 1436 454 vt
1471 396 1644 437 annulus
1679 409 1753 451 per
1789 396 1882 439 satis

419 463 594 518 longum
632 465 833 518 temporis
871 463 1045 517 spatium
1081 461 1241 514 percipi
1276 471 1482 514 nequeat,
1518 471 1739 516 propterea
1768 462 1882 515 quod

422 527 589 582 insuper
622 529 744 568 datur
780 527 901 566 tertia
935 526 1054 566 causa
1089 534 1252 578 praeter
1297 523 1411 564 binas
1458 535 1710 566 memoratas
1732 555 1742 574 ,
1778 538 1885 578 quae

419 592 630 643 impedit,
665 603 751 643 quo
787 590 925 630 minus
963 588 1162 629 annulum
1199 588 1379 642 spectare
1415 600 1645 642 queamus;
1679 589 1787 631 hanc
1809 589 1886 646 igi-

419 662 487 695 tur
521 654 683 695 causam
721 654 951 694 accuratius
985 652 1187 708 perpendi
1223 652 1458 693 conueniet.

570 752 604 801 (5.
640 762 683 800 9.
719 748 888 791 Scilicet
923 750 1038 791 enim
1074 759 1120 790 vt
1155 748 1353 790 annulum
1390 749 1630 804 conspicere
1657 749 1885 803 valeamus,

419 814 598 856 omnino
633 815 788 856 neceffe
823 815 911 861 est,
946 824 993 854 vt
1027 828 1074 856 ea
1108 815 1250 855 annuli
1295 813 1453 865 facies,
1498 826 1603 867 quae
1649 814 1766 856 nobis
1811 818 1889 857 ob-

420 881 601 921 vertitur
623 910 634 931 ,
669 893 693 920 a
726 878 823 920 Sole
857 878 1111 931 illustretur,
1161 879 1328 933 quando
1363 879 1489 933 igitur
1523 879 1692 929 euenit,
1744 889 1793 921 vt
1827 879 1886 922 fa-

421 944 505 984 cies
540 943 851 983 auersa-radios
886 942 995 984 Solis
1033 944 1239 997 accipiat,
1275 943 1452 984 annulus
1502 942 1622 982 nobis
1677 943 1886 998 inconspi-

420 1018 522 1047 cuus
558 1018 727 1047 manere
771 1004 924 1054 debet,
972 1007 1131 1045 etiamsi
1175 1005 1379 1047 Saturnus
1425 1021 1449 1047 a
1490 1006 1597 1047 binis
1640 1008 1890 1049 memoratis

424 1069 699 1122 positionibus
736 1069 830 1108 satis
864 1068 989 1121 longe
1023 1067 1148 1108 fuerit
1181 1079 1371 1108 remotus
1391 1099 1402 1118 ,
1439 1071 1778 1123 quandoquidem
1796 1070 1889 1113 fieri

423 1133 592 1186 nequit,
640 1140 688 1172 vt
721 1131 867 1171 ambae
902 1130 1045 1170 annuli
1080 1129 1202 1171 facies
1238 1145 1261 1170 a
1296 1130 1392 1173 Sole
1426 1131 1728 1175 illuminentur.

574 1229 609 1279 ξ.
650 1238 720 1266 10.
789 1225 919 1282 Quod
951 1238 1038 1282 quo
1072 1224 1223 1267 clarius
1258 1225 1545 1277 intelligatur,
1586 1229 1772 1270 versetur
1816 1227 1890 1270 Sa-

426 1302 572 1334 turnus
608 1293 652 1332 in
686 1291 843 1345 puncto
878 1289 904 1332 S
926 1321 937 1341 ,
972 1291 1082 1331 vnde
1126 1291 1239 1331 reita
1288 1288 1489 1343 positioni
1539 1294 1581 1335 O
1607 1290 1651 1330 A
1699 1292 1891 1343 parallela

425 1357 549 1399 ducta
582 1356 765 1397 orbitam
798 1354 961 1397 Terrae
996 1356 1104 1397 secet
1137 1355 1181 1395 in
1227 1353 1390 1408 punctis
1426 1361 1443 1393 t
1475 1362 1516 1393 et
1551 1350 1601 1400 τ’,
1652 1365 1758 1407 quae
1791 1367 1893 1408 ergo

423 1423 503 1463 erit
538 1421 773 1462 intersedtio
806 1420 921 1475 plani
956 1419 1098 1460 annuli
1132 1432 1230 1460 cum
1265 1417 1393 1472 plano
1426 1417 1670 1471 eclipticae3
1706 1427 1828 1472 atque
1850 1420 1894 1460 in

423 1485 507 1527 hoc
538 1486 631 1533 situ,
654 1485 776 1525 dueta
810 1484 922 1524 recta
954 1483 1050 1532 OS,
1069 1482 1193 1524 facies
1229 1482 1371 1523 annuli
1389 1482 1542 1522 restam
1563 1481 1656 1527 <DA
1674 1481 1894 1536 respiciens

427 1563 450 1589 a
483 1548 580 1590 Sole
614 1547 931 1588 illuminabitur.
984 1547 1169 1602 Quando
1202 1548 1330 1601 igitur
1364 1558 1475 1587 nunc
1494 1545 1630 1587 Terra
1655 1546 1894 1602 Vbicunque

427 1613 470 1653 in
506 1613 704 1667 portione
740 1612 830 1652 ιαμ
864 1611 1026 1652 orbitae
1061 1611 1169 1660 suae,
1204 1611 1335 1654 veluti
1387 1611 1430 1651 in
1466 1623 1506 1659 u,
1541 1610 1739 1660 versatur,
1776 1611 1895 1653 nobis

429 1677 552 1718 facies
588 1675 729 1717 annuli
765 1675 938 1716 obscura
971 1676 1052 1717 erit
1085 1674 1286 1725 obuersa,
1321 1687 1448 1729 quam
1482 1675 1613 1728 igitur
1656 1676 1894 1730 conspicere

434 1754 522 1783 non
557 1740 804 1789 valebimus,
841 1739 906 1780 sed
939 1738 1143 1780 Saturnus
1179 1739 1298 1780 nobis
1332 1739 1417 1780 sine
1451 1739 1607 1779 annulo
1651 1739 1896 1793 apparebit3

432 1818 540 1859 quae
574 1818 674 1859 ergo
709 1804 891 1858 priuatio
928 1803 1018 1844 satis
1054 1804 1124 1844 diu
1160 1805 1308 1844 durare
1351 1803 1536 1857 poterit,
1571 1803 1705 1843 donec
1741 1802 1919 1843 scilicet-

428 1868 566 1911 Terra
599 1879 719 1910 motu
755 1868 826 1908 suo
861 1867 969 1908 vltra
1002 1869 1233 1909 terminum
1269 1865 1296 1908 ι’
1330 1866 1582 1922 processerit.
1677 1866 1896 1920 Quoniam

432 1945 539 1973 vero
573 1935 734 1974 interea
767 1931 970 1973 Saturnus
1005 1933 1131 1973 etiam
1167 1933 1209 1972 in
1246 1931 1382 1972 orbita
1415 1931 1484 1971 sua
1517 1931 1793 1984 progreditur,
1814 1943 1895 1970 vna

433 2007 532 2035 cum
566 1997 675 2037 linea
709 1994 937 2037 Nodorum
971 1993 1081 2046 δυ’,
1100 1993 1239 2037 Terra
1274 1997 1395 2036 citius
1424 1994 1474 2034 ad
1510 1995 1737 2034 terminum
1758 1995 1897 2047 t‘per-

432 2059 606 2109 veniet,
639 2059 710 2098 vbi
746 2059 966 2111 longitudo
1001 2057 1281 2101 Geocentrica
1324 2061 1479 2100 iterum
1525 2057 1597 2097 fiet
1645 2059 1708 2106 5⁵·,
1734 2050 1820 2106 17⁰,
1845 2054 1897 2106 5¹,

436 2123 508 2176 qui
543 2123 622 2163 erit
657 2122 831 2162 vicimus
868 2123 1099 2173 terminus,
1135 2137 1222 2176 quo
1258 2122 1433 2163 annulus
1469 2132 1671 2174 apparere
1707 2120 1895 2171 cessabit,

434 2198 520 2239 quo
551 2185 746 2240 superato
780 2184 955 2225 annulus
991 2185 1141 2225 iterum
1179 2198 1379 2238 apparere
1414 2185 1610 2238 incipiet,
1647 2185 1719 2224 nisi
1755 2195 1897 2238 quate-

435 2262 512 2292 nus
547 2249 601 2292 ob
636 2249 897 2291 vicinitatem
930 2247 1040 2293 Solis
1075 2248 1160 2305 ipse
1195 2247 1398 2291 Saturnus
1433 2247 1636 2302 disparere
1670 2247 1806 2289 debet.

1749 2378 1782 2426 ς.
1823 2387 1891 2415 11.
