2029 2750
640 132 754 184 »5253
819 130 834 186 )
869 145 895 182 9
933 130 948 187 (
1013 131 1129 184 &103ss

356 244 460 286 scala
492 242 674 292 indicet,
712 244 1004 296 transgressum
1039 242 1129 285 fieri
1164 245 1239 286 vix
1272 244 1385 300 poss‘e
1435 245 1543 288 vltra
1575 250 1624 290 li-

350 308 473 348 mites
510 305 768 359 suppofitos:
805 320 880 347 nec
917 316 1057 348 tamen
1093 307 1195 349 haec
1231 310 1419 350 conditio
1447 323 1621 353 omnem

346 371 532 423 requiret
565 370 781 423 rigorem,
825 371 854 411 si
890 372 1021 411 modo
1055 372 1165 413 haud
1201 374 1325 414 nimis
1362 373 1621 420 confidenter

347 435 554 475 erroribus
589 433 745 475 limites
778 435 975 489 posueris.

284 498 316 547 §.
359 505 396 540 8.
434 496 562 551 Quod
599 498 626 537 si
663 499 746 538 iam
782 500 902 552 super
936 499 1075 550 linea,
1120 514 1225 554 quae
1272 511 1410 544 toturn
1461 503 1621 545 aberra-

154 563 324 602 tionum
354 561 607 614 possibilium
643 575 840 616 campum
876 564 1183 617 repraesentat,
1219 566 1351 608 veluti
1386 567 1505 622 super
1539 581 1619 610 axe

152 625 412 666 construatur
447 625 548 665 semi
583 625 732 679 ellipsis
768 627 1051 680 cuiuscunque
1087 631 1310 682 parametii
1331 661 1342 680 ,
1387 631 1487 673 haec
1521 647 1620 688 pro-

149 687 260 734 fecto
295 689 405 731 haud
440 689 548 729 male
584 688 775 743 praefatis
811 691 1122 733 conditionibus
1143 693 1391 746 satisfaciet,
1427 708 1616 749 parame—

151 762 213 792 ωι-
249 763 390 794 autem
426 752 576 806 ellipsis
610 754 706 792 ideo
743 753 959 794 arbitraria
993 755 1079 805 est,
1115 757 1227 808 quod
1262 758 1330 797 hic
1366 768 1528 799 tantum
1567 762 1617 802 de

148 818 425 871 proportione
476 818 584 856 inter
634 816 975 869 probabilitates,
1027 831 1105 871 pro
1156 821 1300 871 quauis
1353 820 1615 864 aberratione

149 881 376 926 militantes
397 911 407 930 ,
443 881 578 920 sermo
612 880 686 919 sit:
721 890 934 933 vtcunque
970 881 1163 935 elongata
1197 883 1265 923 vel
1283 885 1512 937 compressa
1528 885 1618 927 fue-

145 944 202 984 rit
235 944 385 999 ellipsis
419 944 539 998 super
571 944 722 986 eodem
758 956 836 985 axe
871 945 1114 995 constructa,
1134 946 1247 987 idem
1282 948 1502 1001 praestabit
1521 949 1614 990 offi-

149 1008 263 1049 cium
284 1039 294 1057 ,
329 1009 441 1060 quod
476 1008 632 1058 indicat
668 1020 752 1047 non
790 1008 867 1049 effe
889 1039 900 1058 ,
943 1019 991 1049 vt
1042 1010 1166 1051 nimis
1219 1011 1343 1052 fimus
1379 1011 1528 1054 soliciti
1563 1015 1615 1055 de

145 1082 334 1112 accurata
367 1070 493 1112 scalae
527 1071 814 1125 descriptione.
883 1073 1046 1114 Licebit
1080 1074 1271 1128 adeoque,
1309 1074 1445 1129 ipsum
1496 1077 1613 1118 adhi-

143 1129 241 1174 bere
275 1134 510 1185 circulum,
556 1148 640 1176 non
684 1145 731 1176 vt
780 1139 1038 1190 geometrice
1090 1150 1241 1179 verum
1292 1139 1360 1179 sed
1410 1149 1458 1180 vt
1507 1154 1612 1183 vero

141 1198 278 1238 multo
311 1200 557 1252 propiorem
578 1231 588 1250 ,
624 1213 749 1253 quam
785 1201 841 1241 est
876 1201 985 1242 linea
1018 1203 1129 1242 reeta
1162 1202 1378 1243 indefinita
1413 1206 1483 1245 axi
1533 1220 1608 1259 pa-

140 1261 310 1312 rallela,
345 1276 451 1316 quae
486 1263 661 1317 singulas
697 1263 1006 1306 obseruationes
1043 1264 1238 1319 supponit
1272 1279 1401 1318 aeque
1449 1269 1609 1320 ponde-

139 1325 248 1366 rosas
284 1336 407 1379 atque
441 1328 674 1380 probabiles
695 1359 705 1376 ,
741 1337 953 1380 x'tcunque
989 1343 1012 1368 a
1053 1340 1153 1368 vera
1202 1329 1408 1383 positione
1459 1331 1609 1372 distan-

141 1399 228 1430 tes:
265 1391 321 1430 est
355 1403 522 1442 quoque
559 1391 659 1441 haec
697 1389 800 1430 scala
833 1391 1041 1431 circularis
1078 1393 1280 1444 aptissima
1314 1393 1481 1433 calculis
1529 1408 1606 1435 nu-

141 1453 340 1503 mericis,
374 1453 454 1493 hoe
492 1455 659 1493 interim
694 1455 735 1493 in
771 1454 1021 1493 antecessum
1072 1455 1274 1494 monuisse
1325 1468 1348 1494 e
1399 1469 1444 1496 re
1496 1459 1604 1508 erit,

139 1525 360 1568 vtrainque
395 1516 646 1569 hypothesin
682 1515 731 1556 ad
775 1516 885 1556 idem
937 1517 1152 1567 recidere,
1204 1519 1368 1571 quoties
1420 1520 1603 1574 singulae

137 1579 416 1619 aberrationes
451 1592 529 1632 pro
564 1579 725 1619 infinite
759 1580 899 1632 paruis
934 1579 1166 1622 habentur:
1203 1583 1261 1622 ita
1295 1595 1463 1636 quoque
1500 1598 1602 1625 con-

135 1641 289 1695 spirant
323 1643 468 1682 ambae
499 1643 781 1697 hypotheses,
817 1643 846 1682 fi
897 1644 1033 1684 radius
1087 1641 1335 1686 semicirculi
1386 1649 1601 1690 auxiliaris

133 1715 314 1759 ponatur
349 1706 510 1748 infinite
547 1720 720 1761 magnus
757 1720 886 1760 aeque
923 1721 967 1747 ac
1005 1708 1030 1748 si
1075 1709 1522 1752 aberi-ationibiismilli
1552 1714 1602 1753 li-

134 1770 255 1810 mites
289 1771 416 1811 essent
451 1773 762 1824 circumscripti.
831 1771 925 1811 Hoc
962 1773 1091 1813 modo
1146 1773 1174 1814 si
1209 1773 1414 1814 aberratio
1464 1775 1601 1816 obser-

133 1834 312 1873 vationis
349 1849 371 1874 a
404 1847 503 1875 vera
538 1836 742 1890 positione
787 1835 1067 1875 consideretur
1117 1846 1315 1890 tanquam
1368 1837 1474 1879 sinus
1526 1840 1606 1879 ali-

133 1898 248 1937 cuius
293 1911 408 1938 arcus
453 1900 692 1945 circularis,
744 1900 1118 1953 repraesentabitur
1168 1901 1435 1954 probabilitas
1486 1903 1603 1944 illius

131 1960 430 2002 obseruationis
466 1977 541 2017 pei·
576 1963 762 2003 cofinum
799 1964 984 2003 eiusdem
1020 1976 1150 2003 arcus.
1236 1965 1379 2006 Liceat
1413 1965 1601 2007 semicir-

131 2025 271 2065 culum
308 2025 602 2073 subsidiai-ium,
623 2040 748 2079 quem
769 2039 876 2067 nunc
896 2027 1100 2080 descripsi,
1120 2027 1309 2081 epitheto
1329 2029 1596 2072 moderatoris

130 2087 351 2142 insignire:
388 2092 457 2138 ,vbi
494 2102 635 2132 autem
670 2100 862 2131 centrum
897 2093 1070 2144 ponitur
1104 2093 1215 2132 istius
1252 2092 1516 2144 semicirculi,
1537 2096 1593 2136 ibi

132 2163 232 2192 vera
263 2147 442 2206 pofiti0,
478 2155 834 2197 obseruationibus
890 2168 1016 2207 quain
1068 2157 1254 2198 maxime
1306 2160 1592 2209 conueniens,

132 2213 339 2256 statuenda
372 2220 439 2259 est.
509 2220 716 2272 Equidem
753 2221 940 2273 precaria
974 2220 1113 2273 aliquo
1148 2233 1293 2274 vsque,
1317 2231 1357 2261 at
1376 2223 1592 2264 certissime

132 2281 350 2318 communi
385 2283 650 2334 praeferenda
685 2285 738 2324 est
774 2283 1015 2336 hypothesis
1052 2285 1188 2326 nostra
1222 2299 1298 2327 nec
1327 2298 1509 2338 vnquam
1530 2287 1593 2324 in-

129 2341 229 2382 Achz
248 2341 371 2383 Acad.
393 2344 484 2397 1121,oe
505 2346 571 2387 Sc.
592 2348 698 2387 Tor-s.
721 2346 748 2387 Ι,
771 2350 813 2387 Ρ.
835 2347 864 2387 Ι.
1149 2348 1184 2389 Β
1482 2348 1591 2389 telli-
