2029 2750
649 90 767 146 »ἐς
832 88 1025 148 μευ(
1072 61 1206 146 2³2⁰·

267 206 339 248 86.
374 201 635 245 Extremitas
671 205 871 256 marginis
917 203 1108 247 valuulae
1152 206 1324 249 inferior
1359 200 1472 262 ‘quae
1508 213 1661 255 annulo

390 280 541 308 carneo
575 265 783 305 adhaeret.
853 263 923 306 Sic
958 266 1088 308 latera
1122 284 1290 325 quoque
1324 271 1545 322 valuulae,
1589 288 1665 315 nu-

387 330 512 371 meris
550 340 634 368 non
668 326 878 378 iudicata,
914 327 1100 383 superius
1144 344 1269 387 atque
1314 335 1508 386 inferius,
1546 336 1665 380 facile

387 400 619 447 apparent,
654 403 839 444 quorum
875 391 977 433 illud
1011 393 1138 438 fibrae
1184 396 1324 454 (81.)
1376 399 1460 440 hoc
1511 401 1667 442 annulo

386 453 512 511 (49.)
550 454 759 496 adhaeret.
827 453 1036 500 Similiter
1070 458 1325 503 foraminula
1359 463 1513 518 exigua
1556 466 1666 506 circa

385 519 493 559 latus
530 519 713 560 inferius.

265 602 336 645 87.
371 594 633 635 Exti-emitas
669 594 824 635 smistra
858 594 992 637 leuior
1026 596 1173 638 foueae
1194 628 1204 648 ,
1241 601 1358 642 cuius
1403 615 1497 654 pars
1542 602 1667 644 dimi-

385 659 454 699 dia
487 658 637 698 dextra
670 658 836 699 valuula
870 662 1040 714 tegitur,
1069 670 1111 702 et
1147 663 1452 715 quae,valuula
1486 676 1664 717 remota,

385 731 474 762 tota
511 731 681 775 apparet
716 720 879 778 (figura
902 735 925 762 2
947 722 1069 777 lc.l.).
1104 724 1195 764 Hac
1215 726 1361 768 foueae
1395 740 1469 768 ora
1504 729 1661 770 finistra

385 796 428 827 et
474 785 665 826 valuulae
700 787 891 840 margine
926 787 1069 829 exciso
1116 787 1254 843 (86.)
1307 792 1501 843 orificium
1557 805 1661 834 com-

386 863 500 890 mune
534 862 666 892 venae
700 851 945 892 coronariae
984 865 1161 906 magnae
1195 853 1414 896 formatur.

265 932 335 969 88.
370 924 467 965 Pars
487 925 636 966 orificii
658 927 817 979 proprii
837 939 968 968 venae
986 928 1231 967 coronariae
1250 940 1425 979 magnae
1445 927 1662 983 (fig.2.n.).

263 997 334 1039 89.
370 986 596 1030 Orificium
632 989 808 1030 venulae
842 989 885 1028 in
921 990 1100 1028 cauitate
1134 989 1247 1029 ouali
1283 1001 1489 1043 apertum.

254 1065 426 1103 90.91.
451 1064 527 1101 92.
564 1050 746 1093 Valuula
778 1051 1024 1102 Eustachii,
1060 1065 1146 1093 non
1181 1054 1392 1107 expansa,
1427 1055 1494 1097 sed
1529 1056 1663 1110 qualis

380 1115 622 1157 naturaliter
655 1115 699 1155 in
733 1115 816 1157 hoc
851 1117 1035 1169 partium
1071 1116 1147 1156 fitu
1183 1117 1222 1156 se
1257 1116 1393 1157 offert.
1443 1148 1447 1150 -

253 1191 331 1229 90.
366 1178 469 1221 Eius
503 1179 766 1222 Extremitas
801 1179 958 1221 finistra
992 1189 1034 1220 et
1069 1181 1255 1221 anterior
1279 1211 1291 1230 ‚
1327 1181 1377 1221 ad
1410 1190 1577 1234 partem
1611 1183 1664 1223 fi-

382 1243 553 1284 nistmm
588 1242 729 1283 annuli
764 1243 897 1284 oualis
932 1243 1087 1284 vltimo
1121 1243 1234 1294 fine,
1279 1255 1396 1297 parte
1430 1245 1662 1287 dexteriori

384 1306 434 1346 ad
469 1305 619 1346 fibram
655 1304 796 1362 (81.)
841 1320 925 1360 qua
974 1306 1187 1349 orificium
1237 1320 1370 1350 venae
1420 1312 1663 1351 coronariae

381 1369 617 1420 formatur,
653 1370 870 1424 applicata.

257 1457 334 1495 91.
369 1443 628 1486 Extremitas
664 1444 852 1484 eiusdem
886 1444 1036 1484 dextra
1069 1454 1112 1485 et
1145 1446 1364 1497 posterior,
1383 1448 1526 1498 quain
1546 1447 1663 1489 foetu

381 1509 524 1557 arcui,
558 1507 626 1549 seu
663 1506 804 1548 annuli
837 1506 971 1548 oualis
1007 1508 1115 1561 parti
1151 1508 1355 1561 superiori
1389 1507 1557 1564 (94.)‚
1593 1512 1664 1553 adf-

378 1573 553 1622 haeret‚
587 1573 630 1612 in
666 1570 810 1612 adulto
844 1580 986 1612 autem
1021 1571 1070 1612 ab
1106 1584 1159 1612 eo
1193 1583 1361 1613 remota
1394 1574 1451 1613 est
1501 1575 1546 1614 vi
1581 1574 1663 1614 im-

376 1637 571 1691 pellentis
606 1635 813 1690 sanguinis
835 1666 846 1685 ,
879 1645 921 1676 et
955 1636 999 1675 in
1033 1635 1248 1676 filamenta
1282 1636 1532 1690 plerumque
1576 1638 1662 1677 dis-

376 1710 530 1754 rupta,
567 1713 749 1753 quorum
782 1700 888 1741 duae
922 1699 1122 1754 paruulae
1157 1701 1199 1739 in
1234 1699 1318 1741 hoc
1363 1700 1564 1754 exemplo
1608 1702 1660 1742 ad

377 1764 492 1805 hunc
528 1777 753 1806 numerum
789 1761 921 1820 (91.)
957 1773 1174 1818 apparent.

256 1846 332 1883 92.
366 1835 468 1877 Eius
503 1850 596 1890 pars
631 1839 771 1880 media
804 1838 928 1879 latior
963 1839 1194 1892 eademque
1225 1851 1376 1893 margo
1408 1852 1623 1884 connexus
1643 1873 1660 1893 ,

380 1912 465 1953 quo
499 1903 607 1954 parti
641 1911 839 1943 cutaneae
874 1902 982 1943 finus
1018 1903 1127 1958 (79.
1151 1900 1253 1957 80.)
1290 1903 1500 1945 adhaeret.
1549 1905 1655 1948 Eius

381 1976 529 2018 margo
563 1965 730 2006 mobilis
764 1965 883 2007 facile
919 1975 1104 2021 apparet.

255 2049 424 2091 93.94.
446 2043 615 2090 95.96.
635 2053 710 2091 97.
748 2040 911 2083 Annuli
946 2043 1079 2083 oualis
1113 2054 1208 2096 pars
1243 2043 1444 2098 superior.
1477 2043 1657 2085 Haecin

379 2103 494 2146 foetu
530 2114 729 2158 tanquam
765 2105 976 2160 singularis
1016 2118 1134 2147 arcus
1167 2109 1321 2158 existit,
1363 2121 1488 2162 quem
1510 2119 1658 2147 arcum

376 2168 474 2208 ideo
524 2169 566 2208 in
618 2167 733 2210 foetu
778 2181 979 2211 vocamus
1033 2170 1117 2212 fiue
1166 2171 1365 2214 isthmum
1418 2170 1656 2212 Vieuss‘uiii.

379 2229 482 2274 Eius
515 2231 702 2277 cruribus
738 2233 865 2292 (94.)
900 2244 942 2274 et
977 2232 1103 2291 (96.)
1138 2235 1310 2279 valuula
1339 2233 1552 2276 Eustachii
1574 2233 1660 2273 suis

880 2297 933 2342 Ii
969 2310 995 2349 3
1516 2306 1663 2340 extre-
