2029 2750
615 166 730 215 *ἐξὲξ
794 161 807 216 )
847 174 903 214 39
942 163 957 221 (
1020 163 1136 214 &saw

146 281 268 323 {ionis
297 279 526 320 litterarum
554 288 593 322 α,
613 274 656 329 β,
676 288 729 329 γ,
750 270 790 322 δ,
809 286 836 322 ε,
857 270 979 327 ζεῑς.
1017 286 1194 328 quarum
1219 274 1428 328 quaelibet
1448 280 1604 332 reperi-

147 356 227 395 tur,
261 344 289 384 fi
323 339 526 394 quantitas
562 337 647 378 fixa
675 351 696 377 r
724 338 772 377 ad
801 339 1123 390 praecedentem
1142 337 1347 388 eleuetur,
1379 354 1483 392 quae
1502 355 1602 394 ergo

144 409 213 448 lex
228 404 519 459 progressionis
538 401 619 443 hoc
641 402 770 441 modo
788 401 1005 442 clarissime
1025 401 1078 442 ob
1098 400 1241 441 oculos
1261 414 1442 455 ponetur
1455 406 1607 459 (3:7³3

143 460 320 523 21er
354 466 524 518 ‹5:r73
558 458 713 516 ezr&
748 461 915 518 ζῐνες
948 467 1058 507 vnde
1079 465 1212 506 statim
1233 477 1360 520 patet,
1384 468 1410 508 fi
1431 469 1606 523 incipia-

144 544 235 574 mus
267 531 316 572 ab
345 543 476 573 azo
517 529 608 572 fore
637 530 731 585 p:
749 542 767 568 1
802 538 842 569 et
870 542 1031 585 ’γ’-ἲν,
1067 529 1280 584 sequentes
1308 544 1413 575 vero
1441 529 1609 586 <iz-Ar,

180 596 183 602 ,
299 608 323 637 r
370 589 374 595 -

275 672 298 700 r

136 737 226 766 t:
253 736 276 764 r
309 733 388 764 etc.

267 790 299 837 ξ.
341 800 377 836 3.
415 786 496 827 Hic
525 786 664 840 primo
693 785 862 825 euidens
893 784 962 833 est,
999 784 1027 824 fi
1053 796 1133 838 pro
1152 798 1174 825 r
1202 786 1386 839 capiatur
1405 801 1605 829 numerus

139 852 305 893 modice
320 863 507 904 magnus,
527 850 731 890 terminos
753 848 1052 907 nostraeseriei
1071 861 1175 888 mox
1195 850 1236 888 in
1258 850 1510 890 immensum
1529 864 1606 891 ex-

138 915 343 966 crescere,
377 915 405 955 fi
426 914 539 954 enim
568 924 728 953 tantum
749 911 956 952 sumamus
976 924 1063 951 r:
1079 925 1102 949 2
1120 942 1130 961 ,
1156 912 1293 966 pofito
1321 928 1412 954 a:
1427 927 1468 964 0,
1487 924 1534 954 vt
1560 912 1610 954 fit

137 979 231 1033 53:
248 990 266 1016 1
306 987 347 1018 et
381 991 485 1032 ry:
502 989 524 1016 2
547 1008 557 1026 ,
594 977 808 1029 sequentes
846 975 1016 1015 termini
1051 985 1176 1016 erunt
1219 972 1379 1030 3:44
1429 992 1508 1019 e:
1526 978 1609 1030 16;

136 1037 226 1094 ζ-;
240 1044 420 1091 655363
454 1041 524 1080 vbi
556 1049 717 1079 tantum
737 1038 981 1092 sequentem
1017 1041 1247 1080 terminum
1283 1055 1310 1089 η
1338 1054 1464 1082 nemo
1483 1038 1604 1082 facire

136 1103 329 1152 euoluet,
364 1104 567 1156 siquidem
597 1103 802 1143 constaret
820 1114 874 1143 ex
899 1113 1051 1153 19729
1073 1103 1230 1157 figuris.
1275 1104 1387 1146 Hinc
1408 1106 1490 1146 iam
1511 1119 1600 1145 ma-

133 1165 326 1206 nifestum
361 1167 430 1216 est,
467 1167 494 1206 si
521 1180 601 1220 pro
634 1180 655 1207 r
683 1179 908 1207 numerum
940 1167 1073 1207 adhuc
1103 1169 1310 1208 maiorem
1332 1169 1601 1218 sumeremus,

133 1239 223 1270 tum
251 1231 432 1270 nostram
462 1229 608 1271 seriem
630 1245 668 1279 α,
688 1233 729 1285 β,
751 1244 789 1285 γ
811 1240 887 1271 etc.
926 1230 1060 1271 multo
1078 1232 1261 1284 rapidius
1280 1232 1322 1271 in
1342 1232 1597 1272 immensum

133 1293 210 1333 effe
236 1303 515 1334 excreturam.
589 1292 751 1334 Contra
779 1304 917 1333 autem
937 1294 1081 1346 sponte
1116 1294 1378 1346 intelligitur,
1416 1295 1443 1335 fi
1462 1295 1557 1335 loco
1577 1308 1597 1335 r

132 1358 296 1397 numeri
316 1357 478 1397 binario
506 1358 692 1396 minores
722 1357 992 1408 accipiantur,
1030 1364 1119 1395 tum
1137 1355 1379 1397 huiusmodi
1399 1371 1596 1411 augmen-

131 1421 334 1459 tationem
363 1419 497 1459 multo
523 1420 673 1459 lentius
703 1419 781 1458 effe
809 1419 1106 1471 processuram,
1144 1421 1487 1471 quandoquidem
1516 1435 1595 1473 pro

132 1481 224 1521 casu
254 1495 339 1522 r:
356 1495 373 1520 1
409 1495 557 1522 omnes
587 1483 746 1522 nostrae
769 1481 890 1521 serici
906 1482 1075 1520 termini
1094 1481 1137 1521 in
1155 1480 1369 1522 infinitum
1388 1493 1597 1538 perpetuo

129 1545 356 1585 manebunt
373 1546 519 1584 vnitati
540 1545 742 1599 aequales.

257 1611 289 1658 ξ.
326 1623 368 1656 4.
405 1608 486 1647 Hic
513 1609 639 1660 igitur
670 1608 803 1647 statim
833 1607 1016 1660 quaestio
1043 1608 1221 1649 maximi
1248 1611 1457 1651 momenti
1476 1611 1512 1652 se
1532 1608 1598 1652 of«>

132 1671 233 1711 sert:
252 1671 322 1711 vbi·
342 1672 414 1711 ista
432 1673 616 1712 enormis
637 1671 923 1725 augmentatio
943 1670 1144 1726 incipiat?
1163 1686 1296 1726 neque
1316 1674 1444 1724 enim,
1458 1676 1594 1715 statim

127 1748 173 1775 ac
202 1747 399 1775 numerus
429 1748 450 1775 r
467 1735 669 1777 vnitatem
689 1735 865 1789 superet,
898 1735 971 1775 ista
989 1738 1275 1789 augmentatio
1295 1739 1514 1790 contingit,
1550 1739 1592 1779 id

125 1799 238 1851 quod
273 1800 398 1839 vnico
434 1799 523 1839 casu
545 1800 756 1840 ostendisse
775 1799 961 1847 sufficiet,
999 1812 1084 1853 quo
1104 1800 1288 1841 sumatur
1307 1799 1444 1840 νῖν
1461 1813 1500 1850 2,
1520 1801 1591 1842 vbi

125 1862 229 1900 adeo
264 1863 403 1914 primo
439 1865 668 1915 exponenti
704 1877 728 1903 α
762 1864 845 1904 iam
890 1863 1097 1903 maiorem
1132 1863 1323 1903 valorem
1359 1864 1590 1905 tribuamus

124 1937 248 1977 quam
269 1924 307 1964 V
321 1938 359 1964 2.
396 1924 460 1965 Sit
478 1925 630 1966 scilicet
648 1941 737 1966 a:
754 1939 776 1965 2
799 1940 844 1967 ac
862 1926 1048 1980 prodibit
1065 1928 1094 1981 β
1109 1940 1164 1966 z
1184 1940 1224 1974 2,
1259 1926 1442 1980 hincque
1460 1941 1592 1982 porro

124 2001 244 2042 7:22,
277 1989 413 2042 sicque
434 1988 626 2044 deinceps
647 2003 792 2031 omnes
814 1989 983 2031 termini
1004 1990 1164 2031 nostrae
1183 1990 1477 2045 progressionis
1499 1992 1590 2032 nul-

123 2051 205 2091 lam
240 2054 623 2106 augmentationem
660 2055 883 2107 accipiunt,
919 2054 1018 2094 dum
1038 2050 1196 2095 'omnes
1216 2053 1378 2095 binario
1397 2056 1588 2108 aequales

125 2127 304 2156 manent.
373 2115 488 2170 Quin
519 2119 645 2158 etiam
675 2119 787 2158 idem
815 2118 1154 2171 phoenomenon·
1174 2119 1316 2159 locum
1340 2118 1523 2164 habebit.
1561 2120 1588 2159 st

125 2177 264 2228 primo
290 2182 518 2232 exponenti
547 2198 572 2224 α
602 2182 733 2223 adhuc
761 2183 968 2222 maiorem
989 2182 1178 2223 valorem
1199 2182 1442 2232 tribuamus,
1483 2182 1586 2222 scili-

126 2248 192 2277 cet
219 2253 375 2292 <2:43
409 2254 497 2284 tum
518 2246 629 2287 enim
651 2245 837 2300 prodibit
855 2247 990 2301 {314
1010 2256 1051 2286 et
1070 2260 1228 2300 ΎΞ4,
1267 2258 1400 2298 neque
1425 2246 1506 2285 vlla
1526 2245 1587 2285 xl—

126 2302 255 2346 terior
285 2310 566 2358 augmentatio
593 2320 808 2363 occurret,
844 2310 980 2351 statim
1009 2321 1148 2351 autem
1177 2323 1222 2351 ac
1242 2324 1267 2351 α
1285 2309 1391 2350 vltra
1412 2324 1440 2358 4
1464 2321 1587 2360 auge·

1458 2371 1580 2415 bitur,
