2029 2750
866 157 985 213 02³3ss
1047 153 1244 214 >2⁵65
1307 155 1425 210 &tez-

479 283 582 325 107.
616 271 720 316 Eius
754 284 848 329 pars
883 270 1057 314 inferior
1090 283 1224 328 prope
1258 269 1389 325 hepar
1423 263 1592 314 referia}

474 347 577 384 108.
614 337 714 379 Pars
751 338 944 393 suprema
977 338 1049 378 vbi
1084 336 1208 378 fouca
1242 336 1319 376 effe
1355 334 1456 376 solet
1491 337 1533 375 in
1578 333 1754 386 adulto,
1797 347 1881 392 qua

594 416 729 444 venae
764 403 899 457 paries
936 403 978 442 in
1013 414 1146 456 paruo
1181 400 1263 441 hoc
1308 400 1529 441 interstitio
1579 401 1689 441 inter
1739 412 1881 443 extre-

590 468 790 509 mitatem
825 467 1098 521 posseriorem
1133 462 1326 503 valuulae
1361 463 1570 505 Eustachii
1606 475 1648 506 et
1681 465 1877 508 dextram

595 544 712 571 arcus
747 530 1069 570 extremitatem
1106 542 1130 567 a
1164 527 1250 568 finu
1286 526 1561 579 distinguitur.

1059 660 1149 716 Fig.
1189 673 1227 700 2.

400 733 556 799 Regio
589 747 747 784 venae
780 732 1089 795 coronariae,
1125 730 1208 782 vbi
1241 729 1430 780 valuula
1466 729 1638 781 orificii
1670 747 1878 798 remora,

460 811 515 851 vt
551 794 699 850 souea
730 813 885 850 venae
907 796 1196 848 coronariae
1230 808 1281 845 et
1299 794 1538 846 orificium
1556 801 1817 861 proprium

1000 872 1279 926 appareant.

466 943 506 972 α.
542 929 642 973 Pars
678 931 821 972 annuli
857 931 1026 982 carnei,
1062 944 1167 985 quac
1203 929 1320 983 septo
1354 928 1492 969 cordis
1527 939 1571 972 et
1606 930 1770 986 regioni
1806 939 1882 972 ve·

592 1008 669 1036 nae
705 1007 829 1035 cauae
865 994 1074 1035 inferioris
1110 994 1274 1036 interest
1311 990 1412 1047 (fig.
1431 1005 1460 1038 1.
1480 992 1602 1050 49.).

464 1057 504 1100 b.
538 1056 698 1112 Papilla
732 1058 744 1112 (
764 1057 832 1112 fig.
851 1068 886 1103 I.
906 1066 979 1107 78.
1001 1056 1025 1110 ).

467 1134 501 1163 c.
537 1119 659 1161 Fibra
694 1133 871 1169 carnea,
917 1133 1023 1172 quae
1069 1132 1167 1161 cum
1203 1118 1360 1160 annulo
1392 1131 1547 1162 carneo
1600 1120 1705 1177 (a.)
1759 1134 1881 1163 oram

594 1185 785 1225 cauitatis
823 1182 890 1239 (g.
911 1181 938 1223 h
969 1180 983 1237 )
1020 1181 1164 1223 efficit.

468 1246 509 1289 d.
544 1246 643 1289 Pars
678 1247 871 1288 valuulac
905 1245 1133 1288 Eustachii.

468 1325 501 1355 e.
536 1310 632 1353 Pars
670 1311 815 1353 annuli
851 1310 983 1352 oualis
1021 1309 1120 1366 (fig.
1140 1305 1312 1361 1.98.).

459 1376 498 1436 f.
534 1369 632 1417 Pars
670 1376 810 1417 annuli
846 1375 981 1416 oualis
1003 1405 1013 1422 ,
1050 1375 1091 1414 in
1128 1387 1253 1428 quam
1292 1371 1394 1413 fibra
1428 1383 1579 1413 carnea
1613 1369 1712 1427 (c.)
1744 1381 1788 1415 et
1807 1385 1881 1414 an—

595 1441 716 1482 nulus
752 1452 926 1480 carneus
963 1437 1113 1478 orificii
1149 1437 1292 1478 venosi
1329 1437 1552 1479 ventriculi
1598 1433 1700 1492 (a.)
1745 1439 1882 1479 conti-

595 1515 725 1544 nuant
760 1502 860 1557 (fig.
882 1514 910 1546 Ι.
929 1514 1005 1550 97.
1023 1499 1051 1555 ).

466 1582 505 1623 g.
525 1567 563 1609 h.
602 1564 773 1608 Cauitas
811 1566 943 1607 oualis
979 1566 1021 1605 in
1058 1578 1140 1620 qua
1173 1564 1342 1606 foueola
1375 1575 1508 1607 venae
1542 1565 1788 1608 coronariae
1821 1565 1878 1607 est

594 1631 695 1688 (fig.
714 1641 748 1676 Ι.
772 1639 841 1674 82.
867 1627 982 1685 83.).

467 1697 496 1740 i.
533 1693 763 1738 Orificium
798 1694 988 1736 venulae.

467 1761 552 1806 k.l.
588 1759 775 1803 Foueola
808 1772 940 1802 venae
977 1757 1223 1800 coronariae
1267 1758 1460 1813 integra,
1511 1770 1618 1814 quae
1670 1766 1874 1812 apparet,

597 1825 817 1880 postquam
854 1823 1022 1864 valuula
1055 1833 1220 1864 remota
1255 1823 1325 1864 est.

468 1889 505 1932 k.
541 1889 644 1931 Eius
680 1901 773 1943 pars
809 1887 1062 1938 finisterior‚
1101 1901 1182 1942 qua
1215 1886 1428 1928 orificium
1477 1898 1708 1928 commune
1745 1883 1876 1928 effici-

594 1963 661 1996 tur
695 1951 794 2008 (fig.
815 1963 845 1998 1.
869 1960 939 2002 87.
958 1949 986 2008 ).

470 2015 498 2059 l.
531 2016 595 2057 Ea
629 2019 715 2058 eius
751 2030 844 2071 pars
879 2015 1111 2068 dexterior,
1141 2027 1249 2072 quae
1282 2028 1368 2057 vna
1403 2028 1502 2058 cum
1538 2014 1705 2056 valuula
1739 2013 1875 2054 saccu-

595 2080 683 2120 lum
719 2079 859 2121 efficit.

474 2155 525 2185 m.
562 2140 790 2186 orificium
824 2155 955 2185 venae
990 2144 1128 2184 cordis
1163 2144 1355 2193 mediae,
1391 2143 1434 2183 in
1471 2141 1562 2196 ipso
1579 2138 1875 2182 sacculifundo
1914 2162 1920 2166 ·

596 2207 734 2249 fitum.

473 2285 512 2315 n.
547 2267 774 2316 Orificium
809 2273 1030 2327 proprium
1062 2282 1195 2313 venae
1228 2270 1470 2312 coronariae
1504 2283 1693 2325 magnae.
