2029 2750
616 153 731 207 »3023
796 150 988 208 >11³(
1053 151 1169 205 ἓίεέω
1213 221 1218 225 ,

157 267 213 309 les
240 266 466 308 reddendae
493 271 615 303 erunt

159 321 871 382 dxzrnducoiTCD—l—ndtfin.(p
887 335 929 367 et
949 327 1176 379 dyzmdu
1190 322 1558 379 fi11.CD—ndtcos'.
1572 326 1623 384 Φ.

157 393 307 446 sicque
328 401 462 432 totum
484 390 699 442 negotium
717 389 798 430 huc
818 390 1045 440 reducitur,
1062 401 1108 431 vt
1125 393 1374 445 inquiratur,
1387 394 1625 436 cuiusmodi

140 455 387 496 functiones
418 467 454 494 m
483 463 525 493 et
552 466 576 494 n
605 454 736 506 accipi
766 453 954 504 debeant,
990 466 1037 496 vt
1059 456 1154 496 istae
1173 456 1275 497 duae
1294 454 1499 498 formulae
1518 459 1624 499 inte-

151 518 325 573 grabiles
344 518 591 569 reddantur,
609 518 679 558 vbi
701 519 908 572 imprimis
929 517 1229 572 respiciendum
1248 519 1327 561 erit
1343 521 1393 560 ad
1413 533 1503 570 eam
1524 535 1626 563 con-

151 583 371 631 ditionem,
408 594 535 637 quam
563 581 730 636 insuper
749 583 898 635 quouis
920 582 1010 624 casu
1030 583 1259 637 adimplere
1276 583 1486 626 voluerim
1497 598 1555 628 us.

668 661 1017 741 Hypothefis
1061 664 1098 721 l.

147 743 259 816 Qa
293 759 466 796 omnes
485 743 741 793 Meridiani
773 744 833 792 ad
867 745 1087 794 nostrum
1119 759 1260 814 axem
1298 744 1337 792 E
1356 744 1394 793 F
1428 758 1622 796 norma-

303 810 393 871 leS‚
427 807 636 858 Paralleli
668 821 787 856 vero
823 805 904 856 El
938 807 1146 871 paralleli
1177 807 1467 856 statuuntur.

276 881 310 928 §-
353 891 422 928 13.
495 874 606 917 Cum
635 876 806 930 angulus
825 872 866 927 Φ
885 877 1078 916 metiatur
1096 875 1412 916 inclinationem
1433 875 1618 920 elemen-

147 942 177 982 ti
205 941 236 982 P
257 941 303 997 Q
328 942 377 982 ad
406 954 528 982 axem
558 940 595 980 E
614 938 659 990 F,
695 940 895 993 quoniam
915 939 1169 980 affumfimus
1191 935 1402 992 tag.<1>:
1427 941 1497 1008 Γῖ,
1533 942 1618 983 ele-

144 1025 338 1055 mentum
368 1026 470 1053 vero
500 1012 528 1051 P
543 1011 587 1065 Q
603 1011 873 1051 directionem
894 1011 1122 1052 Meridiani
1143 1012 1310 1059 indicat,
1348 1011 1519 1064 angulus
1540 1014 1613 1055 iste

141 1073 184 1128 Φ
209 1090 287 1130 pro
315 1077 392 1116 hac
412 1075 644 1128 Hypothefi
672 1075 752 1114 erit
780 1075 927 1123 teitus,
964 1076 1072 1116 vnde
1101 1075 1245 1116 ambae
1270 1073 1473 1116 formulae
1493 1077 1610 1118 diffe-

141 1140 336 1179 rentiales
356 1149 479 1179 erunt
497 1139 664 1179 dx:n
678 1138 731 1178 dc
749 1149 788 1179 et
808 1140 867 1189 dy
880 1153 932 1178 ἶ
946 1152 982 1179 m
995 1140 1070 1187 du,
1100 1152 1203 1193 quae
1222 1151 1318 1178 cum
1339 1139 1415 1178 effe
1433 1139 1611 1180 debeant

139 1202 420 1256 integi-abiles,
457 1203 497 1243 id
530 1202 701 1242 infinitis
729 1203 865 1242 modis
889 1202 1000 1244 effici
1019 1203 1187 1256 poterit,
1223 1203 1456 1242 dummodo
1474 1216 1608 1256 prom

135 1264 297 1307 funCtio
317 1279 586 1319 quaecunque
606 1265 729 1319 ipsius
749 1279 787 1313 u,
807 1278 885 1318 pro
903 1279 928 1306 n
954 1279 1057 1306 vero
1076 1265 1233 1307 functio
1252 1265 1372 1317 ipsius
1392 1274 1409 1305 t
1427 1267 1603 1319 accipia-

136 1339 228 1382 tur,
264 1329 539 1383 quamobrem
559 1329 724 1382 insuper
749 1328 935 1381 pluribus
965 1328 1289 1378 conditionibus,
1318 1341 1421 1381 quae
1449 1329 1602 1370 defide-

135 1395 219 1433 rari
255 1393 433 1446 possunt,
468 1391 652 1432 satisfieri
680 1393 848 1444 poterit.

267 1459 299 1506 ξ.
342 1469 409 1506 14.
480 1455 667 1495 Primum
706 1456 833 1506 igitur
861 1455 967 1494 effici
997 1456 1167 1508 poterit,
1203 1464 1250 1494 vt
1277 1466 1421 1494 omnes
1449 1456 1600 1508 gradus

132 1519 408 1573 longitudinis
437 1520 546 1559 inter
575 1518 612 1559 se
641 1517 742 1558 fiant
761 1518 966 1570 aequales,
1002 1518 1341 1571 quandoquidem
1364 1518 1475 1559 nulla
1494 1520 1602 1560 ratio

134 1582 289 1631 suadet,
325 1592 370 1623 vt
390 1584 430 1622 in
451 1582 513 1623 his
532 1582 726 1635 gradibus
747 1581 1015 1634 inaequalitas
1036 1582 1245 1638 statuatur.
1299 1580 1427 1635 Quod
1449 1582 1475 1622 fi
1496 1595 1598 1636 ergo

131 1647 269 1687 noster
297 1647 385 1702 axis
413 1645 492 1686 EF
510 1645 798 1698 Aequatorem
817 1644 978 1691 referat,
999 1646 1056 1686 ita
1074 1656 1120 1686 vt
1139 1645 1301 1686 abscissa
1319 1646 1354 1686 E
1368 1645 1406 1686 X
1426 1659 1595 1699 reprae-

130 1709 275 1759 sentet,
294 1722 437 1750 arcum
456 1708 712 1762 Aequatoris
733 1709 869 1758 alzc,
889 1709 1005 1750 statui
1026 1709 1239 1763 oportebit
1259 1721 1355 1749 x:
1368 1718 1397 1758 t,
1416 1710 1594 1762 ideoque

132 1785 156 1812 n
174 1774 324 1812 vnitati
344 1774 412 1814 vel
432 1774 499 1814 alii
519 1774 737 1826 quantitati
757 1774 958 1813 constanti
982 1786 1061 1826 pro
1080 1773 1211 1815 lubitu
1232 1773 1495 1825 accipiendae
1525 1785 1593 1813 ae-

133 1834 267 1886 quale,
288 1845 378 1875 tum
396 1848 498 1876 vero
518 1850 597 1890 pro
616 1836 818 1890 applicata
837 1849 1108 1891 quaecunque
1127 1837 1285 1878 functio
1303 1835 1425 1890 ipfius
1463 1850 1491 1877 ω
1525 1848 1592 1876 ac-

130 1910 211 1951 cipi
231 1908 399 1951 poterit.

258 1964 290 2011 §.
332 1973 400 2010 15.
468 1962 514 2002 In
543 1963 618 2004 hac
647 1977 746 2017 ergo
773 1964 1005 2018 Hypothefi
1026 1962 1350 2017 quadrilaterum
1394 1963 1542 2019 P-QR
1561 1961 1588 2004 S
1627 1977 1715 2012 Tib.
1745 1976 1773 2015 1,

127 2037 211 2066 non
232 2024 364 2066 solum
384 2027 463 2066 erit
482 2027 918 2080 parallelogrammum
940 2029 1237 2081 restangulum,
1258 2029 1318 2067 vti
1337 2029 1376 2067 in
1391 2028 1587 2082 Sphaera,
1629 2026 1699 2075 Fig-
1731 2040 1764 2072 4·

127 2087 194 2128 sed
212 2090 338 2129 etiam
357 2091 558 2143 punftum
579 2090 623 2144 Q
639 2093 680 2131 in
703 2092 783 2144 ipsa
802 2092 1003 2145 applicata
1023 2091 1061 2131 X
1075 2091 1104 2131 Ρ
1122 2091 1324 2145 produci-a
1341 2093 1421 2133 erit
1451 2092 1585 2139 situm,

128 2150 185 2190 ita
203 2162 246 2191 vt
264 2152 449 2194 futurum
471 2154 516 2195 fit
545 2154 696 2209 PQ:
708 2155 766 2205 dy
794 2165 834 2195 et
857 2155 1218 2196 Pdexzdt.
1289 2154 1418 2210 Quod
1438 2155 1463 2194 fi
1484 2166 1584 2206 ergo

129 2212 381 2256 sumeremus
406 2231 502 2269 y:
516 2232 539 2259 u
554 2250 564 2268 ,
611 2220 812 2272 quoniam
847 2233 871 2260 u
905 2220 1075 2260 denotat
1110 2220 1371 2260 latitudinem
1405 2218 1485 2258 loci
1505 2246 1516 2271 ‚
1553 2215 1582 2257 fi

130 2275 303 2317 dx:dt
333 2279 479 2322 referat
507 2283 679 2335 gradum
711 2283 998 2335 longitudinis,
1027 2294 1069 2325 et
1097 2283 1273 2336 dyzdu
1293 2280 1466 2336 gradum
1485 2280 1578 2320 lati-

129 2339 230 2381 Ac7a
248 2339 370 2381 Acad.
391 2341 484 2397 Imp.
505 2345 571 2387 Sc.
590 2346 698 2387 Tom.
720 2347 748 2386 Ι.
767 2349 811 2386 Ρ.
831 2346 863 2387 Ι.
1140 2347 1173 2386 Ρ
1471 2342 1579 2383 tudi-
