2029 2750
618 162 730 215 *5013
793 161 808 218 )
847 174 932 214 345
971 161 985 218 (
1051 161 1164 213 ⁰353*-

381 275 482 319 Vn.
523 285 579 323 17
614 273 737 322 Iunii,
778 286 830 312 11
871 274 983 328 Aug.
1025 287 1047 313 2
1086 272 1241 316 Onob.

358 338 481 381 VIII.
523 351 574 387 15
630 360 647 368 -
714 359 732 366 -
786 346 842 381 28
928 360 946 366 -
1032 351 1056 376 2
1112 362 1130 368 -
1194 361 1212 367 -

404 403 479 444 1Χ.
519 416 574 451 29
627 425 645 430 -
711 423 730 430 ·
783 409 838 444 28
923 425 942 431 -
1032 415 1053 439 2
1105 425 1123 430 -
1191 425 1206 430 -

424 466 478 509 Χ.
519 478 583 507 22.
629 488 647 494 -
712 487 731 494 -
787 479 841 514 19
925 487 946 496 ,
1013 477 1074 515 29.
1107 463 1327 520 Septemb.

304 597 338 645 ς.
379 605 450 643 15.
516 592 748 647 Vtcunque
784 602 926 634 autem
961 603 1102 636 certae
1137 594 1218 634 esse
1253 594 1625 648 possenrconclu-

155 658 305 707 fiones‚
340 671 396 699 ex
432 657 815 699 combinationibus
852 658 982 698 allatis
1018 659 1221 699 deductae
1242 688 1253 708 ,
1298 669 1439 699 tamen
1476 671 1625 702 contra

153 722 258 770 illas,
294 723 333 764 id
371 723 535 765 moueri
571 731 740 776 poterat
772 721 961 770 dubium,
997 723 1110 775 quod
1146 732 1285 764 motus
1306 720 1519 765 cometae
1545 726 1624 766 cir·

154 799 206 831 ca
247 785 376 828 finem
422 786 587 828 mensis
620 785 730 828 lunii
764 796 807 827 et
839 786 1009 826 initium
1046 785 1171 835 Iulii⁷
1220 786 1325 828 dum
1359 785 1554 829 Cometa>
1580 790 1623 829 in

153 851 310 890 vicinia
346 850 506 892 telluris
542 849 795 899 versabatur,
832 850 1015 901 aliquam
1050 849 1224 891 fortassis
1259 851 1624 905 perturbationem

155 913 204 953 ab
241 915 402 954 actione
439 914 596 958 telluris
631 913 679 954 sit
713 914 938 967 perpessus,
974 915 1032 954 ita
1060 925 1107 955 vt
1124 916 1267 967 portio
1284 914 1462 963 orbitae,
1498 929 1624 969 quam

154 978 328 1019 durante
365 978 542 1021 secunda
576 978 837 1030 apparitione
874 977 1136 1028 descripserit
1157 974 1354 1024 Cometa,
1389 990 1473 1018 non
1505 992 1626 1032 pror-

154 1041 216 1081 sus
254 1042 400 1096 respici
435 1041 605 1088 debeat,
660 1048 878 1091 tamquam
914 1039 1178 1089 continuatio
1213 1040 1375 1081 orbitae
1409 1042 1459 1099 ln
1489 1043 1626 1094 prima

153 1106 414 1158 apparitione
451 1103 694 1156 descriptae.
763 1100 832 1145 Ne
866 1102 996 1154 igitur
1024 1103 1128 1142 istud
1151 1101 1329 1147 dubium
1352 1115 1517 1150 moram
1543 1104 1624 1146 hoc

152 1168 195 1207 in
233 1168 405 1222 negotio
441 1166 668 1213 facesseret,
704 1164 1044 1206 obseruationum
1080 1166 1255 1206 durante
1291 1166 1466 1213 secunda
1501 1180 1625 1222 appa-

152 1233 306 1273 ritione
343 1230 574 1278 factarum,
620 1228 954 1268 combinationes
990 1242 1159 1283 quoque
1193 1230 1348 1286 institui
1383 1232 1530 1272 decem
1566 1233 1622 1273 se-

151 1305 324 1346 quentes
345 1308 352 1333 :

436 1387 469 1428 I.
541 1398 566 1436 7
602 1386 715 1441 Aug.
755 1392 814 1428 26
846 1387 960 1442 Aug.
1034 1403 1052 1428 1
1095 1387 1235 1433 anb

412 1450 468 1490 II.
539 1460 565 1499 7
650 1472 668 1478 -
755 1459 812 1493 28
897 1473 914 1480 -
1035 1467 1054 1492 1
1128 1477 1145 1483 -
1212 1475 1229 1482 -

387 1512 462 1553 111.
505 1526 555 1552 11
643 1536 662 1543 -
753 1522 808 1558 28
895 1537 913 1543 -
1032 1528 1056 1555 2

381 1576 462 1617 IV.
504 1591 554 1616 11
646 1600 664 1606 -
753 1582 812 1617 26
893 1601 912 1607 -
1028 1592 1053 1618 2
1122 1602 1140 1608 -

403 1639 461 1680 V.
507 1654 561 1680 12
646 1664 664 1672 -
751 1645 810 1694 26
893 1664 911 1671 -
1031 1655 1050 1681 1
1123 1665 1141 1672 -
1207 1665 1226 1672 -

382 1703 462 1744 VI.
504 1718 558 1743 12
644 1729 664 1736 -
750 1710 808 1744 26
891 1730 909 1736 -
1029 1719 1052 1745 2
1121 1729 1139 1736 —
1207 1729 1226 1736 ·

364 1767 466 1808 Vll.
509 1781 563 1810 10
648 1793 666 1798 -
751 1773 810 1812 26
997 1784 1053 1820 29
1092 1770 1295 1824 Septemb

343 1830 469 1871 Vm.
508 1845 563 1870 10
647 1856 665 1862 -
749 1841 812 1878 28,
995 1847 1052 1884 29
1122 1857 1140 1864 -
1206 1857 1225 1864 -

390 1893 467 1938 1Χ.
537 1907 563 1944 7
648 1919 666 1925 -
751 1909 803 1946 31
891 1921 910 1929 -
1030 1912 1049 1937 1
1091 1895 1277 1947 Ostqber

407 1956 461 1998 X.
533 1970 559 2005 7
643 1981 661 1988 -
747 1972 798 2010 31
887 1984 906 1990 -
992 1975 1047 2011 29
1086 1960 1298 2016 Septemb.

153 2051 274 2091 Licet
309 2063 447 2093 autem
485 2053 773 2094 conclusiones
810 2068 865 2095 ex
901 2055 965 2096 his
1001 2056 1386 2098 combinationibus
1409 2057 1622 2110 deduc‘me,

156 2125 241 2153 non
277 2129 406 2169 aeque
444 2116 546 2157 bene
581 2118 688 2158 inter
725 2118 765 2158 se
794 2119 1094 2167 consentirent,
1131 2133 1177 2160 ac
1201 2119 1295 2161 illae
1316 2134 1420 2174 quae
1441 2135 1493 2162 cx
1512 2124 1624 2176 prio*

153 2177 265 2216 ribus
301 2191 421 2220 erant
458 2181 633 2229 elicitae,
669 2191 807 2221 tamen
838 2181 909 2222 hie
926 2183 1118 2224 diffensus
1138 2186 1374 2224 maior-non
1396 2187 1623 2238 reperiebae·

154 2250 234 2287 tur,
271 2253 398 2292 quam
421 2255 466 2284 vt
487 2244 634 2284 hai-um
656 2244 972 2287 conclusionum
993 2260 1090 2300 ope,
1127 2257 1210 2286 tam
1230 2247 1249 2286 J
1268 2248 1474 2298 ongitudo.
1489 2248 1620 2301 Nudi,

153 2315 278 2355 quam
317 2305 538 2345 inclinatio
583 2306 776 2357 orbitae,
830 2323 1012 2362 quorum
1046 2309 1373 2351 Elementorum
1407 2318 1621 2363 examen,

151 2366 250 2407 Ana
268 2366 393 2408 Acad.
413 2368 509 2422 Imp.
530 2368 598 2410 Sc.
618 2370 726 2412 Tom.
748 2371 778 2412 Ι.
798 2374 842 2412 P.
863 2371 895 2413 1.
1155 2372 1197 2412 X
1230 2385 1261 2414 x
1535 2376 1617 2418 hoc
