2029 2750
893 136 1008 190 ”²03
1076 136 1271 195 ὶεεε(
1337 140 1453 191 eze<-

1138 252 1240 295 DE

630 341 1080 398 APPARITIONE
1116 344 1207 397 ET
1240 342 1714 397 DISPARITIONE

481 386 1903 518 ANNVLISATVRNL

1051 596 1327 641 Auctore

909 695 958 738 L.
1027 697 1063 739 E
1101 694 1199 739 VL
1234 694 1271 737 E
1306 692 1345 736 R
1379 695 1430 738 Ο.

1101 831 1135 881 5.
1212 840 1249 868 1.

428 936 558 1051 Ex
592 945 718 1002 longa
758 948 1104 994 obseruationum
1140 951 1241 994 serie
1277 950 1543 1002 Astronomi,
1580 965 1627 995 ac
1656 952 1919 1008 potiffimum

561 1011 812 1054 acutissimus
850 1014 1089 1068 Hugenius,
1110 1017 1419 1067 concluserunt,
1441 1018 1651 1073 planetam
1688 1018 1919 1061 Saturnum

432 1077 621 1115 cinctum
659 1076 737 1116 effe
774 1078 933 1118 annulo
969 1080 1153 1132 quodam
1192 1089 1276 1120 tam
1315 1084 1460 1131 tenui,
1497 1093 1545 1123 vt
1573 1115 1583 1132 ,
1621 1083 1693 1124 nisi
1729 1085 1817 1126 eius
1855 1085 1918 1125 su-

427 1138 620 1194 perficies
654 1139 782 1192 plana
800 1140 985 1182 Terram
1021 1143 1242 1196 respiciens
1279 1159 1302 1184 a
1329 1143 1427 1186 Sole
1463 1145 1702 1195 illustretur,
1733 1149 1919 1202 conspici

426 1204 608 1245 omnino
645 1214 853 1259 nequeat,
889 1207 1001 1248 vnde
1035 1206 1107 1248 iste
1145 1207 1321 1249 annulus
1358 1218 1559 1262 tanquam
1595 1211 1784 1264 planum,
1821 1226 1916 1253 cor—

428 1283 507 1325 pus
528 1267 700 1311 Saturni
736 1271 941 1323 ambiens,
979 1272 1153 1328 spectari
1187 1272 1306 1322 solet,
1336 1272 1454 1313 cuius
1489 1283 1681 1315 centrum
1718 1276 1759 1315 in
1779 1276 1915 1332 ipsum

426 1333 598 1378 Saturni
617 1346 811 1378 centrum
832 1338 1003 1380 incidat.
1041 1336 1177 1380 Porro
1209 1349 1311 1380 vero
1331 1336 1459 1379 etiam
1479 1335 1752 1379 obseruarunt
1773 1340 1917 1380 Astro-

425 1402 561 1452 nomi,
597 1401 721 1445 istum
742 1403 944 1446 annulum
964 1413 1172 1459 perpetuo
1191 1402 1316 1445 fitum
1336 1401 1407 1443 fibi
1428 1401 1674 1456 parallelum
1696 1404 1917 1445 conserua-

426 1479 487 1515 re,
524 1467 642 1508 cuius
677 1467 852 1522 planum
889 1469 1131 1522 eclipticam
1168 1467 1332 1522 semper
1360 1466 1588 1509 secundum
1611 1468 1789 1509 eandem
1809 1468 1918 1509 dire-

428 1530 617 1572 ctionem
652 1531 891 1583 intersecet,
928 1534 988 1575 ita
1006 1542 1067 1582 vt,
1098 1532 1339 1587 Vbicunque
1371 1531 1576 1573 Saturnus
1612 1534 1653 1572 in
1686 1533 1754 1574 sua
1782 1533 1920 1574 orbita

425 1594 648 1646 versetur,
685 1596 795 1639 linea
828 1599 969 1649 recta,
1007 1611 1089 1652 qua
1123 1599 1297 1654 planum
1335 1597 1479 1638 annuli
1516 1599 1755 1651 eclipticam
1793 1598 1912 1641 secat,

425 1659 512 1702 hoc
549 1661 721 1716 quidem
744 1672 939 1718 tempore
971 1664 1020 1704 ab
1045 1675 1065 1713 5
1090 1663 1189 1718 sign.
1215 1655 1304 1713 17⁰,
1329 1665 1365 1712 ς’
1389 1664 1437 1703 ad
1474 1676 1524 1702 11
1551 1664 1649 1717 fign.
1676 1660 1762 1711 17⁰,
1788 1664 1825 1712 5‘
1854 1663 1917 1703 di-

425 1726 599 1780 rigatur.
635 1725 856 1770 Praetcrea
892 1728 1019 1770 etiam
1057 1739 1329 1785 compertum
1367 1728 1438 1775 est,
1475 1728 1675 1768 annulum
1699 1727 1810 1768 hunc
1840 1725 1914 1767 Sa-

426 1792 541 1833 turni
576 1803 786 1847 perpetuo
823 1794 873 1835 ad
909 1794 1148 1848 eclipticam
1186 1794 1256 1835 sub
1293 1792 1448 1847 angulo
1485 1794 1653 1834 circiter
1694 1805 1746 1841 31
1798 1791 1913 1846 grad.

427 1857 680 1899 inclinatum
718 1871 902 1900 manere.
974 1857 1105 1914 Quod
1142 1860 1313 1914 quidem
1351 1858 1399 1899 ad
1437 1858 1778 1899 intersectionem
1815 1869 1914 1897 cum

425 1922 622 1976 ecliptica
658 1925 821 1975 attinet,
842 1923 1093 1966 Astronomi
1131 1925 1383 1973 indicarunt,
1409 1936 1501 1964 eam
1538 1923 1702 1977 semper
1739 1922 1788 1962 ad
1824 1933 1912 1962 eas-

425 1987 520 2028 dem
559 1988 690 2029 stellas
728 1989 833 2030 fixas
870 1990 1023 2045 dirigi,
1060 2004 1239 2044 quarum
1277 1989 1498 2044 longitudo
1520 2019 1530 2037 ,
1567 1989 1667 2042 quia
1703 1987 1756 2027 ob
1792 1998 1914 2039 prae-

426 2051 648 2094 ceffionem
687 2056 1052 2108 aequinoctiorum
1090 2056 1317 2110 quotannis
1352 2054 1521 2095 circiter
1561 2064 1615 2101 53
1639 2051 1712 2091 sec.
1747 2050 1909 2100 crescit,

426 2117 555 2158 etiam
603 2116 714 2158 linea
760 2121 971 2161 nodorum
1018 2120 1182 2162 Anuuli
1227 2120 1399 2163 Saturni
1446 2117 1695 2159 tantundem
1740 2114 1908 2170 singulis

423 2183 544 2224 annis
580 2184 779 2239 progredi
814 2185 869 2227 est
906 2185 1120 2226 censenda.

209 2297 297 2335 Tab.
327 2295 406 2334 xn.
558 2282 590 2333 ξ.
633 2295 672 2325 2,
741 2279 908 2323 Referat
943 2295 1052 2324 nunc
1090 2281 1223 2338 figura
1257 2280 1570 2332 ACBD,ci1·ca
1605 2278 1748 2322 Solem
1787 2280 1829 2319 in
1866 2281 1906 2322 Θ

236 2346 311 2399 Fig.
346 2361 376 2387 1.
424 2345 691 2399 existentem,
728 2346 944 2404 descripta,
982 2349 1164 2391 orbitam
1185 2348 1371 2400 Saturni,
1407 2361 1535 2403 quam
1563 2348 1705 2403 primo
1734 2344 1907 2400 quidem

1815 2418 1905 2450 tau-
