2029 2750
595 163 713 217 -fiss
773 159 934 217 ὶεε(
999 159 1114 214 2:03·-

128 278 283 318 fionem
304 304 314 324 ‚
348 284 426 328 pro
459 271 588 312 tribus
620 278 784 314 tantum
819 271 1205 324 obseruationibus»7
1241 272 1458 327 affurgens‚
1486 289 1582 330 per-

128 351 279 394 magno
313 335 587 377 terminorum
622 347 800 378 numero
833 337 1048 391 expressa,
1101 348 1156 377 ex
1206 338 1422 392 principiis
1473 351 1580 380 nun-

127 415 249 458 quam
284 399 439 439 vfitatis
474 398 675 449 deducta,
714 400 892 454 denique
926 399 1032 441 nihil
1074 401 1261 451 indicet,
1305 402 1584 458 vndecunque

127 465 386 507 examinetur
405 493 416 511 ‚
467 462 580 515 quod
624 463 712 505 vno
746 465 876 506 modo
909 463 1125 520 displicere
1157 466 1257 521 poss
1248 475 1308 517 t
1344 467 1480 508 multo
1499 468 1593 508 mid

126 541 200 570 nus
236 527 285 568 ad
319 525 536 567 absurdum
573 527 739 581 aliquod
775 529 998 584 perducat·
1033 530 1147 584 quod
1182 531 1224 571 in
1259 532 1410 585 quouis
1436 543 1581 574 exem-

123 592 195 647 plo
228 590 276 631 ab
312 589 471 630 calculo
505 593 679 644 emergit
713 591 872 647 semper
907 605 1054 646 parum
1101 586 1150 634 ab
1193 606 1275 644 e0,
1326 596 1439 648 quod
1492 609 1580 637 me-

126 654 276 696 thodus
311 656 550 694 communis
586 655 738 705 docet,
774 656 913 698 differt
948 656 976 696 fi
1013 657 1144 697 modo
1177 657 1287 698 haud
1323 666 1482 700 temere
1500 673 1581 701 im-

122 719 316 773 pingatnr
349 719 392 757 in
427 728 674 772 praecepta,
710 733 815 773 quae
850 719 1114 773 praescripsi:
1159 721 1322 773 quoties
1373 732 1454 763 tres
1507 723 1583 764 ob-

123 782 376 824 seruationes
411 781 529 822 datae
564 783 620 821 ita
654 782 746 823 sunt
778 792 1045 836 comparatae
1079 791 1127 821 vt
1161 783 1298 823 media
1341 784 1392 823 ab
1443 795 1583 837 extre-

124 848 205 889 mis
240 844 323 887 fere
359 845 585 899 aequaliter
618 845 766 895 distet,
818 846 970 900 absque
1004 844 1196 900 scrupulo
1245 845 1412 900 regulae
1463 859 1584 888 com·

122 911 242 953 muni
277 909 620 961 adhaerebimus;
655 918 697 949 at
730 909 758 949 fi
795 909 921 950 ambo
955 909 1173 950 interualla
1204 904 1293 950 'fint
1344 909 1586 952 notabiliter

123 973 354 1027 inaequalia
372 1003 383 1023 ‚
435 973 657 1013 consultius
703 973 899 1014 existimo
933 973 983 1013 ad
1018 971 1226 1013 theoriam
1262 974 1444 1015 nostram
1481 985 1584 1015 con-

123 1038 264 1089 fugere
283 1067 293 1085 ,
329 1037 358 1076 fi
391 1037 523 1076 modo
557 1037 607 1076 ad
641 1045 826 1077 mentem
860 1042 1180 1091 praeceptorum
1200 1065 1212 1084 ‚
1247 1048 1352 1089 quae
1394 1036 1584 1090 exposui,

123 1100 324 1148 omnique
358 1098 544 1137 adhibita
576 1101 810 1150 prudentia,
830 1100 951 1153 aequi
969 1097 1072 1139 fines
1101 1099 1410 1141 aberrationum
1429 1112 1585 1156 campo

121 1157 460 1201 statuti-fuerint.
497 1158 723 1203 Caeterum
759 1162 860 1205 haec
894 1164 1038 1204 omnia
1071 1163 1201 1204 velim
1235 1173 1282 1205 vt
1317 1165 1475 1205 trutina
1500 1166 1581 1219 po-·'

123 1224 204 1264 tius
254 1222 566 1277 methaphyfica
616 1237 741 1278 quam
788 1226 1085 1268 mathematica
1117 1228 1456 1281 perpendantur:
1493 1228 1582 1282 Qui

122 1287 309 1329 maxime
342 1288 558 1342 principiis
594 1290 739 1331 nostris
774 1290 1030 1339 offenditur,
1080 1289 1110 1330 fi
1161 1291 1292 1330 modo
1341 1291 1580 1332 maximum

123 1350 244 1391 fimul
277 1350 426 1392 statuat
460 1351 768 1394 aberrationum
803 1352 1056 1408 possibilium
1090 1364 1320 1410 campum,
1354 1354 1414 1395 nil
1447 1367 1578 1439 porro

123 1413 237 1467 quod
269 1414 485 1468 redarguat
517 1413 694 1457 habebit.
1067 1436 1070 1442 ·

1370 2365 1577 2409 OBSER-
