2029 2750
883 121 1001 178 »2³³3
1065 119 1226 180 >Ul
1289 122 1406 177 &H-

416 234 536 276 titate
567 233 625 284 A,
661 233 787 285 dabit,
822 233 1011 290 inquam,
1046 249 1125 291 pro
1159 238 1296 292 prima
1330 238 1460 280 triade
1487 237 1676 281 valorem
1695 247 1878 289 0‚3333

409 306 457 341 ‘et
506 309 585 353 pro
629 297 805 340 secunda
850 301 978 341 triade
1022 312 1065 350 0,
1081 305 1231 354 6666;
1287 311 1463 357 vterque
1496 317 1520 343 a
1553 304 1693 344 medio
1735 302 1879 343 valore

415 374 458 411 ο,
481 373 601 411 5000
637 362 775 404 differt
811 365 1043 418 quantitate
1077 369 1275 415 0‚·1666,
1311 366 1413 408 alter
1445 367 1489 408 in
1525 367 1685 409 defectu
1713 366 1818 408 alter
1835 366 1880 406 in

413 427 602 469 excessu:
639 429 778 469 nostra
811 438 951 470 autem
987 429 1211 469 methodus
1244 429 1416 471 eosdem
1450 444 1529 486 pro
1562 433 1707 484 quauis
1736 429 1880 480 triade,

415 490 583 533 valores
618 492 777 532 indicat
812 501 994 540 0‚3977
1030 501 1072 530 et
1106 495 1300 541 0,6022,
1336 506 1516 546 quorum
1551 504 1724 549 vterque
1750 506 1880 535 ame—

413 556 487 596 dio
521 556 667 596 valore
703 566 882 603 0‚5000
919 553 1059 593 differt
1093 565 1272 604 0‚1022
1308 565 1350 596 et
1384 558 1553 610 quidem
1587 559 1742 613 pariter
1776 557 1879 598 alter

409 619 457 660 in
494 618 659 659 excess‘u
694 617 799 655 alter
833 617 876 655 in
912 615 1088 656 defectu.
1157 616 1224 657 Sic
1261 619 1400 672 itaque
1437 619 1598 662 theoria
1624 622 1878 673 communis,

411 693 494 735 pro
545 679 689 733 quauis
741 677 1080 721 obseruationum
1131 681 1261 722 triade
1312 681 1479 723 seorfim
1527 683 1662 725 sumta
1694 697 1879 726 errorem

411 740 706 785 committeret
741 747 924 792 0‚1666
943 772 953 793 ‚
1006 745 1143 784 nostra
1175 757 1278 785 vero
1313 757 1492 795 0‚1022
1529 747 1767 790 notabiliter
1801 750 1882 790 mi-

411 820 585 849 norem:
636 806 880 848 huiusmodi
927 808 1094 848 criteria
1129 807 1207 848 alia
1240 822 1366 862 quam
1400 810 1582 863 plurima
1615 812 1751 853 afferri
1784 825 1883 867 pos-

399 870 528 921 ssent,
573 870 723 925 quibus
757 872 965 926 principia
999 872 1135 912 nostra
1169 875 1299 927 magis
1335 873 1611 929 stabiliantur3
1662 886 1703 917 at
1735 888 1884 917 vereor

413 949 469 978 ne
505 936 660 977 nimius
695 935 839 976 videar
873 937 916 976 in
952 936 1194 977 adstruenda
1227 950 1271 977 re
1292 968 1303 985 ‚
1347 951 1452 990 quae
1486 950 1642 981 certam
1678 941 1883 992 omnique

411 1000 540 1042 titulo
574 999 802 1054 perfectam
837 1000 1234 1042 determinationem
1268 1000 1378 1042 haud
1415 1001 1610 1050 admittit,
1655 1018 1731 1046 nec
1765 1005 1884 1046 enim

418 1065 470 1105 ad
505 1064 654 1105 altiora
687 1064 981 1105 contendimus
1016 1076 1142 1118 quam
1176 1072 1224 1103 vt
1250 1063 1474 1105 diiudicare
1492 1063 1690 1117 poffimus
1707 1064 1750 1104 id
1768 1066 1884 1116 quod

410 1128 545 1183 magis
581 1127 631 1168 ab
665 1140 718 1170 eo
751 1129 865 1182 quod
901 1128 1038 1168 minus
1073 1126 1287 1182 probabile
1321 1128 1390 1170 est.

547 1194 581 1243 §-
624 1203 694 1242 17.
732 1191 776 1233 Si
812 1205 918 1246 quae
952 1191 1129 1232 vlterior
1160 1191 1360 1246 perfectio
1393 1190 1649 1247 expectanda
1682 1189 1744 1239 fit,
1782 1201 1883 1230 con—

411 1257 520 1299 fistet
563 1258 607 1296 in
651 1256 899 1297 accuratiori
948 1265 990 1296 et
1024 1255 1216 1296 strietiori
1250 1256 1595 1297 determinatione
1631 1251 1756 1294 scalae
1791 1265 1884 1293 mo-

415 1320 630 1363 deratricis
678 1321 852 1373 eiusque
887 1318 1190 1373 amplitudine:
1242 1317 1311 1360 De
1346 1319 1428 1360 hoc
1462 1320 1520 1360 rei
1555 1326 1777 1360 momento
1812 1316 1886 1357 ali-

417 1396 521 1437 quas
569 1383 841 1436 superaddam
877 1383 1129 1423 notationes.
1197 1381 1267 1423 Ex
1302 1381 1525 1436 praemiffis
1560 1380 1887 1435 perpensationi-

417 1447 495 1491 bus
533 1445 665 1498 liquet
685 1437 713 1493 ,’
749 1458 834 1486 non
870 1445 1051 1486 multum
1086 1446 1314 1486 admodum
1350 1445 1544 1487 recedere
1579 1444 1887 1485 aestimationes

415 1510 575 1553 nostras
611 1509 662 1550 ab
697 1509 840 1563 regula
874 1509 1157 1549 communiter
1190 1517 1378 1562 recepta:
1415 1509 1548 1563 agitur
1583 1520 1684 1561 ergo
1717 1508 1769 1549 de
1795 1519 1888 1548 cor-

420 1574 610 1617 rectione
646 1573 797 1626 aliqua,
832 1577 958 1625 quam
996 1572 1216 1613 admittere
1251 1572 1418 1612 videtur
1450 1571 1553 1612 haec
1573 1572 1735 1625 regula;
1769 1572 1890 1612 istam

417 1638 728 1681 correctionem
781 1636 1088 1677 subministrant
1140 1636 1214 1690 ipsi
1258 1635 1448 1677 discessus
1493 1634 1831 1676 obseruationum
1866 1647 1890 1674 a

418 1714 527 1743 vero
560 1702 719 1756 pundo
753 1700 962 1754 quaesito,
992 1701 1067 1753 qui
1104 1701 1162 1740 ita
1195 1699 1376 1740 ordinari
1410 1699 1596 1753 poss‘unn
1632 1710 1710 1750 pro
1743 1697 1890 1751 quauis

419 1766 516 1807 data
551 1765 678 1806 (calae
713 1764 1004 1806 moderatricis
1039 1764 1331 1818 amplitudine,
1365 1772 1412 1803 vt
1444 1760 1768 1816 probabilissime
1787 1772 1889 1801 con—

417 1829 590 1871 ueniant
624 1841 721 1870 cum
757 1827 840 1869 hoc
876 1828 1044 1882 punsto.
1128 1827 1191 1868 At
1225 1827 1422 1881 equidem
1458 1825 1562 1866 nihil
1594 1824 1753 1874 video,
1804 1834 1892 1877 quo

422 1892 660 1946 amplitudo
703 1901 1064 1946 praememoratae
1106 1890 1233 1932 scalae
1276 1884 1409 1932 stricte
1443 1889 1712 1930 determinari
1747 1886 1892 1941 poffit‚

419 1956 496 1998 nist
541 1956 654 2008 quod
697 1955 917 1996 submonui
977 1957 1012 2006 ς.
1073 1968 1142 1997 10.
1228 1955 1272 1996 Si
1312 1955 1408 2008 quis
1453 1963 1593 1994 autem
1636 1951 1891 1998 obseruator,

417 2019 576 2060 virium
612 2018 775 2059 suarum
810 2019 918 2059 vltra
950 2032 1076 2072 quam
1111 2032 1186 2074 par
1219 2027 1305 2061 erat
1338 2016 1507 2066 diffisus,
1526 2016 1706 2056 nimium
1725 2012 1892 2055 auxerit

421 2082 758 2136 magnitudinem
811 2081 1059 2122 semicirculi
1112 2082 1419 2131 moderatum,
1454 2080 1533 2134 ,hic
1583 2078 1753 2132 quidem
1802 2086 1891 2117 non

423 2159 601 2188 omnem
635 2145 777 2186 tulerit
812 2157 937 2198 opem
974 2144 1041 2184 sed
1076 2146 1328 2196 certiorem3
1363 2143 1391 2184 fi
1411 2173 1423 2193 ‚
1465 2156 1489 2184 e
1532 2143 1776 2199 contrario,
1827 2140 1892 2181 ni·-

421 2211 563 2252 mium
598 2209 894 2250 constrinxerit
929 2207 1036 2249 hanc
1072 2208 1235 2257 scalam,
1270 2207 1427 2248 incidet
1460 2208 1631 2247 caeteris
1660 2204 1891 2261 paribusin

430 2275 738 2317 correfflonem
780 2273 908 2331 paulo
950 2273 1156 2317 maiorem
1199 2279 1242 2314 et
1283 2270 1586 2327 aliquantulum
1619 2270 1758 2315 minus
1771 2279 1892 2376 hm:
