2029 2750
597 126 725 195 „4503ss
788 136 804 196 )
831 120 983 195 ¹13:⁵95(
1035 124 1162 189 ‘5:62³-

136 253 222 308 ‘qui
242 265 345 296 cum·
360 243 734 312 nostratibus'iugis
755 248 996 300 cohaerent,
1034 263 1108 303 per
1126 247 1620 296 Bucharos·et'Calmnc-

136 324 221 360 'cos
242 317 500 360 adserebatur
519 347 529 366 ‚
568 318 630 357 vti
650 316 777 357 celeb.
798 315 936 357 Model
951 317 993 355 in
1021 313 1154 356 Trac‘t.
1195 318 1242 357 de
1269 314 1522 359 Ammoniaco
1549 332 1622 359 ηα-

151 384 231 425 tiuo
246 389 288 435 p.
313 395 380 429 17.
402 376 582 420 affirmat
601 393 612 431 3
646 381 735 421 imo
757 380 962 422 Gmelinus
982 390 1155 432 quoquo
1184 380 1319 421 senior
1335 381 1617 423 Ammoniaci

150 448 198 488 ad
218 446 479 497 Chatangam
499 445 540 484 in
560 443 711 486 Sibiria
730 446 884 499 reperti
920 445 1180 484 mentionem
1214 444 1325 485 fecit.
1395 445 1439 486 Si
1462 447 1618 489 ‘Borax

149 511 265 552 vllibi
283 509 403 549 datur
425 509 566 548 natiua
586 509 674 549 talis
695 518 806 550 certe
826 508 934 562 apud
955 520 1030 548 nos
1060 508 1249 548 nondum
1278 508 1440 550 detec‘ta
1458 511 1529 561 est,
1544 527 1547 530 ⁴
1563 512 1615 551 li-

149 585 215 616 cet
231 588 254 615 e
280 571 500 613 Tibetanis
537 571 711 613 Sibiriue
746 573 845 626 iugo
880 573 1090 629 continuis
1128 572 1214 612 fere
1249 574 1464 614 montibus
1485 605 1496 625 ‚
1533 574 1617 615 sola

144 638 360 688 hucusque
379 637 546 689 cognita
565 636 734 677 Boracis
754 637 888 690 patria
903 666 914 685 ,
960 636 1089 688 vulgo
1119 635 1325 676 adferatur
1354 635 1465 692 (Aa.
1486 637 1615 679 Holm.

128 700 226 743 -Vott
252 713 322 748 33.
342 707 383 755 p.
410 711 498 748 322
514 699 538 753 ).
609 700 653 740 Si
672 713 777 740 vero
799 710 997 753 tanquam
1018 700 1115 739 artis
1134 699 1343 741 humanae
1363 702 1618 754 productum

128 765 350 806 vBoracem
369 764 675 804 consideramus
696 794 707 812 ,
743 765 856 816 quod
876 763 926 803 de
947 762 1097 802 maiori
1116 764 1202 802 cius
1231 774 1348 815 parte
1384 766 1466 805 dici
1504 766 1617 818 posse

142 828 235 869 satis
255 828 421 868 videtur
440 858 451 877 ,
487 837 577 868 tum
607 828 777 881 quidem
813 825 1089 880 principalem
1126 826 1214 866 eius
1251 826 1362 866 bafin
1384 858 1394 876 ‚
1429 827 1616 869 Natrum

142 892 238 932 dico
259 891 323 931 seu
343 891 481 933 Alcali
509 891 710 933 minerale
730 891 918 930 natiuum
943 902 1028 929 non
1059 889 1220 942 vulgari
1250 891 1372 942 copia
1400 892 1510 944 apud
1538 889 1616 932 no's

140 956 314 1008 reperiri
334 965 496 995 certum
514 956 584 995 est.
655 953 1014 1008 Quandoquidem
1033 965 1138 992 vero
1167 953 1346 1006 idipsum
1367 953 1550 995 Natrum
1569 956 1616 995 in

139 1018 311 1072 Europa
330 1018 559 1071 parcissime
579 1049 589 1068 ‚
624 1019 809 1070 rarisque
843 1017 886 1056 in
913 1018 1017 1057 locis
1046 1015 1301 1066 offenditur,
1339 1029 1467 1071 opere
1493 1032 1613 1072 prae-

141 1083 245 1122 tium
265 1083 342 1122 effe
361 1083 517 1121 credidi
537 1112 547 1130 ‚
583 1092 629 1121 vt
649 1082 699 1122 de
717 1094 768 1122 eo
787 1081 914 1134 paulo
932 1080 1059 1121 fufius
1094 1079 1164 1120 hic
1198 1094 1366 1133 agerem
1385 1112 1396 1131 ‚
1431 1082 1616 1135 praeser-

137 1146 214 1185 tim
234 1158 365 1198 quum
385 1146 474 1198 post
492 1147 674 1199 primam
693 1146 780 1186 eius
800 1146 1088 1186 inuentionem
1119 1157 1191 1198 per
1222 1144 1446 1185 Gmelimtm
1475 1144 1611 1185 senio-

134 1221 224 1249 rem
243 1209 285 1248 in
304 1207 492 1249 Dauuria
510 1209 658 1250 factam
680 1208 693 1263 (
704 1208 891 1250 Itinerar.
916 1209 996 1251 Vol.
1020 1222 1059 1249 2.
1074 1216 1117 1262 p.
1139 1212 1178 1247 6.
1198 1208 1233 1248 F
1234 1207 1308 1248 lor.
1325 1208 1453 1249 Sibir.
1467 1208 1606 1264 Praef.

127 1280 171 1328 p.
193 1275 296 1322 48.)
317 1302 327 1321 ‚
362 1272 457 1312 licet
477 1272 700 1313 Itineribus
720 1273 1018 1312 recentioribus
1038 1272 1178 1311 multis
1197 1272 1240 1310 in
1261 1271 1367 1312 locis
1385 1285 1483 1313 cum
1511 1272 1604 1314 aliis

134 1335 280 1376 salibus
300 1335 484 1375 mixtum
504 1337 723 1384 indicetur,
762 1348 888 1376 nemo
913 1347 1053 1376 tamen
1072 1347 1125 1375 ex
1143 1334 1321 1388 professo
1339 1336 1389 1376 de
1409 1335 1483 1377 illo
1503 1349 1601 1391 ege-

133 1398 191 1438 rit
212 1429 222 1448 ‚
258 1411 391 1451 neque
411 1399 709 1441 itineratorum
729 1399 1038 1441 obseruationes
1058 1402 1100 1439 in
1120 1399 1239 1440 vsum
1262 1401 1453 1442 traxerit.

265 1528 298 1574 §-
337 1539 374 1575 3.
428 1527 475 1568 In
497 1527 637 1567 calidis
658 1528 896 1570 australibus
917 1526 1034 1567 terris
1055 1557 1065 1576 ‚
1101 1540 1141 1567 v.
1162 1540 1221 1581 gr.
1244 1524 1453 1568 Orientali
1473 1526 1603 1576 India,

131 1586 453 1642 Tranqucbaria
473 1623 483 1641 ,
519 1592 748 1646 Aegypto,
782 1591 928 1632 Africa
963 1591 1179 1645 copiosum
1215 1592 1385 1644 quidem
1419 1600 1462 1632 et
1496 1593 1604 1631 anti-

131 1653 272 1704 quitus
291 1666 440 1695 notum
461 1657 515 1696 est
534 1655 731 1696 Natrum.
799 1655 1039 1696 Secundum
1059 1669 1108 1695 ea
1127 1685 1137 1704 ,
1167 1668 1271 1708 quae
1291 1654 1510 1708 scriptores
1530 1667 1602 1694 an-

129 1716 234 1767 tiqui
256 1747 266 1766 ,
304 1718 458 1759 Plinius
494 1719 609 1774 (Lib.
643 1732 680 1769 5.
704 1723 743 1760 6.
766 1724 838 1767 67.
861 1717 874 1773 )
910 1719 1139 1774 Aristoteles
1160 1749 1170 1769 ,
1204 1718 1372 1759 Tacitus
1392 1748 1402 1767 ‚
1439 1715 1602 1771 Diosco-

127 1778 235 1819 rides
254 1810 264 1829 ,
301 1783 452 1835 aliique
472 1784 521 1823 de
540 1783 677 1823 Natro
690 1815 700 1832 ‚
737 1785 850 1836 quod
869 1794 911 1824 et
928 1783 1119 1832 Nitrum,
1152 1782 1472 1836 Aphronatron‚
1516 1781 1605 1823 Ha·-

128 1843 353 1893 lonatron‚
388 1845 569 1898 Agrium
594 1878 604 1896 ,
639 1847 828 1888 Baurach
849 1879 859 1898 ,
895 1847 1071 1888 Nitrum
1106 1847 1340 1887 calcareum
1362 1876 1372 1894 ,
1409 1844 1597 1886 Halmir-

125 1904 231 1958 haga
251 1937 261 1955 ,
297 1920 337 1948 et
365 1909 452 1949 aliis
482 1909 590 1951 forte
621 1912 859 1952 nominibus
881 1912 1141 1966 appellarunt
1160 1941 1170 1960 ,
1206 1909 1389 1958 habent,
1426 1909 1599 1950 conclu-

125 1968 307 2011 dendum
337 1974 420 2013 est:
458 1974 639 2016 Natrum
668 1986 857 2016 veterum
880 2007 890 2025 ,
926 1976 1039 2029 quod
1067 1976 1116 2015 ad
1146 1975 1401 2028 deputandas
1431 1974 1563 2015 vestes
1584 2004 1594 2023 ‚

127 2032 175 2072 ad
196 2032 388 2087 saponem
409 2039 655 2090 parandum,
686 2040 733 2080 ad
753 2041 944 2080 vitrarias
965 2039 1152 2079 officinas
1173 2037 1435 2085 adhibebant,
1458 2039 1595 2077 maxi-

126 2106 236 2135 mam
273 2111 435 2157 partem
470 2101 608 2142 Alcali
644 2104 755 2144 fuisse
793 2105 991 2144 naturale.
1057 2101 1316 2143 Nominibus
1345 2113 1450 2141 vero
1469 2111 1595 2152 atquc

128 2156 467 2213 descriptionibus
491 2197 500 2214 ‚
538 2178 583 2207 rt
620 2178 660 2207 et
696 2168 791 2208 loco
823 2169 946 2208 natali
976 2178 1100 2220 atque
1129 2166 1200 2207 vsu
1223 2197 1234 2216 ,
1275 2165 1469 2205 videntur
1489 2163 1595 2201 anti-

129 2222 297 2272 quiores
327 2239 422 2267 cum
441 2243 542 2270 vero
562 2231 699 2271 Natro
719 2231 943 2274 confudisse
962 2231 1242 2272 Halonatrum
1265 2229 1347 2268 fiue
1366 2227 1436 2267 Sal
1452 2238 1596 2264 mura-

126 2286 235 2325 num
256 2315 266 2334 7
302 2286 476 2332 Nitrum
503 2296 676 2335 crudum
697 2325 709 2345 ‚
744 2295 815 2338 Sal
842 2308 1026 2337 terreum
1045 2309 1066 2336 e
1086 2294 1310 2335 muriatico
1328 2298 1590 2340 corruptum,

1473 2350 1587 2392 Sele-
