2029 2750
579 127 694 188 ν-ςστς
757 125 774 192 >
814 144 898 186 145
937 131 951 190 <
1016 132 1130 185 ἓσςσ

129 248 221 293 fieri
249 246 394 303 potest,
427 252 473 285 vt
499 246 652 298 vbique
670 250 819 299 gradus
839 246 1135 286 parallelorum
1156 244 1202 284 ad
1223 243 1372 298 gradvs
1389 242 1590 283 Mei-idia-

131 326 285 355 norum
322 311 464 350 iustam
500 318 669 348 teneant
702 310 938 357 rationem,
973 321 1077 359 quae
1112 308 1265 348 scilicet
1300 310 1341 347 in
1378 304 1592 360 superficie

131 377 341 433 sphaerica
369 371 692 424 deprehenditur
713 402 723 421 ,
758 371 992 412 consultum
1013 372 1146 411 visum
1167 371 1237 419 est,
1273 371 1322 411 ab
1343 372 1413 411 ista
1432 370 1593 410 ratione

133 441 272 497 potius
300 435 605 487 aliquantillum
626 435 828 483 aberrare.
864 448 987 489 quam
1009 435 1254 476 memoratis
1275 433 1512 475 commodis
1533 445 1597 472 re-

133 501 342 545 nunciare.
407 498 519 539 Hinc
548 499 673 553 igitur
701 499 872 552 sequens
901 500 1084 552 quaestio
1114 499 1291 540 maximi
1314 497 1522 539 momenti
1542 495 1597 536 est

135 576 255 610 nata:
322 563 539 615 quomodo
568 562 794 604 Meridiani
824 576 920 604 cum
954 561 1162 603 Parallelis
1192 563 1385 603 constitui
1405 561 1596 610 debeant,

133 640 182 671 vt
209 643 232 668 a
257 640 355 667 vera
385 627 567 676 ratione,
605 640 730 682 quam
757 628 904 681 gradus
937 626 1208 679 longitudinis
1237 636 1281 666 et
1305 626 1535 666 latitudinis
1556 625 1599 663 in

134 691 319 747 Sphaera
348 691 457 731 inter
479 689 516 732 se
535 701 689 741 tenent,
721 705 796 744 per
816 701 947 731 totam
968 703 1143 743 mappae
1163 689 1450 730 extensionem
1471 701 1599 742 quam

135 756 312 798 minime
332 754 542 795 aberretur
561 753 575 794 ζ
610 756 666 795 ita
686 755 851 803 scilicet,
886 763 933 793 vt
962 766 1120 793 errores
1141 754 1216 792 vix
1244 754 1406 805 percipi
1424 752 1598 806 poffent‚

138 817 479 874 quandoquidem
508 819 597 859 talis
633 819 838 859 aberratio
868 816 985 856 facile
1003 816 1232 856 condonari
1249 817 1422 869 poterit,
1458 814 1487 855 fi
1507 827 1598 854 mo-

137 885 193 925 do
213 892 442 924 memorata
461 883 686 923 commoda
709 882 988 923 obtineantur.

268 948 302 996 §.
340 949 379 987 6.
447 947 556 987 Huic
586 947 784 1000 requisito
803 944 1099 986 celeberrimus
1120 952 1210 984 tum
1231 944 1433 998 temporis
1453 942 1602 984 Astro-

139 1022 291 1053 nomus
310 1020 350 1050 et
371 1007 642 1063 Geographus
671 1009 823 1051 Delisle
837 1039 847 1057 ‚
892 1009 958 1048 cui
977 1022 1075 1049 cura
1096 1007 1184 1048 talis
1206 1021 1381 1062 mappae
1397 1007 1600 1061 generalis

140 1076 325 1130 primum
354 1085 441 1113 erat
464 1074 724 1118 demandata,
743 1075 798 1113 ita
817 1072 1045 1113 satisfacere
1065 1072 1120 1112 cst
1140 1071 1316 1120 anmsus,
1336 1082 1382 1112 vt
1400 1084 1478 1125 pro
1496 1072 1601 1112 duo-

141 1140 215 1179 bus
244 1136 451 1177 Parallelis
481 1137 797 1178 notabilioribus
824 1137 970 1177 iustam
989 1136 1310 1190 proportionem
1331 1137 1438 1176 inter
1455 1135 1603 1187 gradus

139 1201 411 1255 longitudinis
449 1211 490 1241 et
525 1201 752 1242 latitudinis
782 1201 1008 1250 stabiliret,
1044 1200 1114 1253 qui
1145 1200 1171 1239 si
1191 1201 1356 1253 paribus
1377 1196 1605 1238 interuallis

140 1277 227 1307 tam
256 1279 278 1304 a
304 1263 508 1305 parallelo
538 1265 678 1305 medio
709 1266 835 1304 totius
855 1277 1031 1316 mappae
1049 1276 1175 1316 quam
1196 1263 1244 1302 ab
1263 1262 1464 1302 extremis
1485 1259 1606 1299 dista-

138 1339 248 1377 rent,
285 1329 496 1374 iudicauit‚
533 1328 837 1367 aberrationem
879 1340 1082 1379 nusquam
1116 1326 1344 1366 notabilem
1372 1325 1450 1364 effe
1479 1324 1603 1377 posse.

142 1393 225 1434 Hic
254 1392 377 1444 igitur
405 1392 627 1443 quaeritur,
663 1392 833 1443 quinam
861 1391 947 1430 bini
967 1390 1153 1443 paralleli
1172 1391 1213 1429 in
1233 1389 1342 1429 hunc
1362 1387 1492 1428 finem
1510 1387 1607 1439 eligi

142 1455 337 1504 debcant,
369 1465 416 1493 vt
445 1455 570 1495 ctiam
600 1455 777 1494 maximi
804 1466 968 1495 errores
994 1453 1091 1493 inde
1111 1453 1278 1493 oriundi
1297 1451 1398 1491 fiant
1415 1451 1610 1491 omnium

144 1520 328 1559 minimi.

275 1585 307 1632 ξ.
345 1596 387 1630 7.
454 1582 517 1623 Sit
545 1585 670 1639 igitur
689 1583 730 1625 A
749 1583 782 1625 Β
805 1585 947 1639 portio
967 1583 1194 1627 Meridiani
1213 1584 1413 1640 cuiusque
1433 1597 1508 1640 per
1525 1581 1612 1626 lm·
1652 1591 1737 1629 Tib.
1766 1588 1812 1625 11.

143 1647 311 1701 perium
348 1646 555 1688 Rufficum
585 1649 852 1699 transeuntis,
882 1651 996 1690 cuius
1022 1652 1225 1691 terminus
1262 1651 1450 1691 maxime
1485 1650 1612 1690 meri·
1649 1643 1724 1692 F÷g.
1756 1652 1788 1676 ¹·

147 1710 323 1750 dionalis
359 1711 404 1749 fit
440 1712 481 1750 in
499 1711 554 1761 A,
589 1712 767 1753 borealis
803 1727 904 1754 vero
942 1715 984 1753 in
1016 1714 1064 1763 B,
1101 1729 1145 1755 ac
1165 1725 1345 1768 ponatur
1369 1714 1546 1754 latitudo
1570 1714 1612 1752 in

141 1773 188 1814 A
209 1789 264 1813 I
284 1787 332 1823 a,
368 1775 409 1814 in
437 1774 471 1815 B
500 1789 602 1816 vero
629 1791 684 1816 Γ,
705 1775 745 1824 b,
780 1778 838 1817 ita
864 1788 910 1818 vt
937 1773 1246 1831 propemodum
1278 1777 1326 1818 s1t
1353 1781 1535 1826 11:40⁰
1570 1786 1614 1817 et

146 1836 172 1876 b
195 1851 249 1876 Ξ
271 1842 372 1888 7003
417 1848 506 1880 tum
533 1852 637 1879 vero
664 1840 844 1893 designet
872 1838 898 1880 δ
928 1843 1204 1895 quantitatem
1233 1842 1356 1881 vnius
1387 1841 1536 1895 gradus
1565 1842 1610 1881 in

150 1901 345 1941 omnibus
365 1900 624 1943 Meridianis.
693 1902 785 1944 Sint
813 1918 941 1958 porro
969 1906 1121 1958 puncta
1148 1906 1178 1945 P
1197 1916 1239 1946 et
1258 1904 1303 1960 Q
1329 1918 1378 1945 ea
1399 1905 1506 1954 loca,
1541 1904 1613 1944 vbi

148 1965 297 2017 gradus
328 1965 596 2017 longitudini÷
625 1967 674 2007 ad
691 1968 838 2020 gradus
859 1969 1090 2009 latitudinis
1111 1970 1254 2010 iustam
1276 1980 1417 2009 tenere
1438 1969 1614 2009 debeant

151 2029 373 2076 rationem,
410 2042 455 2069 ac
490 2040 669 2083 ponatur
699 2043 775 2083 pro
804 2033 960 2084 pund³co
979 2031 1009 2072 P
1031 2033 1208 2073 latitudo
1229 2041 1334 2088 :p‚
1364 2046 1441 2086 pro
1461 2031 1621 2088 locoQ

151 2103 255 2132 vero
272 2091 448 2132 latitudo
466 2107 567 2147 :q.
615 2093 831 2148 Quoniam
850 2109 952 2149 ergo
969 2097 1119 2150 gradus
1138 2097 1339 2150 cuiusque
1358 2097 1546 2137 Paralleli
1572 2097 1614 2135 in

156 2153 328 2205 sphaera
354 2156 391 2196 se
419 2156 572 2198 habent
598 2159 647 2199 ad
674 2158 823 2212 gradus
853 2159 1095 2209 Meridiani,
1130 2171 1178 2201 vt
1204 2161 1366 2202 cofinus
1386 2159 1615 2200 latitudinis

159 2215 208 2254 ad
237 2217 367 2258 smum
395 2230 548 2271 totum,
582 2235 659 2277 pro
685 2221 782 2262 loco
805 2222 836 2262 P
864 2222 970 2264 sumi
1001 2224 1122 2266 debet
1156 2226 1306 2278 gradus
1342 2221 1619 2275 longitudinis

161 2277 193 2317 P
205 2284 230 2330 p
242 2277 310 2318 :5
323 2281 438 2335 cocp
457 2294 497 2325 et
514 2299 591 2338 pro
609 2286 704 2326 loco
719 2286 878 2340 Qvnus
897 2289 1046 2342 gradus
1065 2288 1335 2343 longitudinis
1359 2281 1613 2340 quscosxy,

161 2341 263 2381 Aua
280 2341 402 2384 Acad.
422 2344 516 2399 Imp.
536 2347 604 2390 Sc.
623 2349 730 2392 Tom.
750 2350 782 2392 Ι.
801 2353 846 2392 P.
864 2351 896 2393 1.
1137 2351 1182 2392 T
1516 2358 1623 2401 quae
