2029 2750
606 129 719 181 neate
785 125 980 187 )339(
1044 128 1159 181 Qv-

143 250 428 296 comparatos,
464 251 510 283 vt
545 241 572 283 fi
608 241 832 282 interuallo
867 244 1029 296 aliquot
1064 246 1269 286 meusium
1306 257 1454 287 eorum
1477 246 1634 288 obsetz.

147 307 388 348 vationibus
438 306 653 361 inuigilat-e
687 307 839 356 liceat,
897 307 984 360 spes
1021 310 1157 362 aliqua
1193 311 1320 360 adsit,
1356 312 1468 364 quod
1498 324 1613 351 com-

145 380 270 425 putus
321 382 516 411 verarum
569 371 799 412 orbitarum
851 370 1149 425 Ellipticarum
1202 374 1366 415 felicem
1419 376 1615 416 sortiatur

141 434 381 478 successum.
447 433 559 474 Nam
592 434 622 474 fi
657 434 914 488 intelligatur
930 434 1161 477 Cometam
1184 437 1379 491 aliquem,
1412 441 1532 479 cuius
1553 441 1616 480 di-

142 499 291 541 stantia
318 498 512 537 Perihelii
542 511 616 539 ex:
654 500 788 540 causs'a
814 510 996 553 ponatur
1022 502 1100 542 ess'e
1122 515 1164 551 0,
1181 517 1214 552 -4
1244 516 1265 542 a
1285 513 1479 557 tempore
1499 503 1613 544 Peri-

140 563 254 610 helii,
291 575 368 615 per
403 563 586 616 integros
628 573 715 603 tres
762 566 920 604 menses
958 566 1034 606 effe
1071 567 1367 619 obseruatum,
1417 567 1485 608 hic
1525 566 1612 609 Co-

138 636 251 668 meta
269 627 429 668 interea
449 627 647 680 angulum
667 629 777 669 circa
796 627 937 669 Solem
958 631 1160 670 describet
1186 635 1314 680 125³,
1350 632 1528 685 ideoque
1560 645 1614 673 eo

137 690 364 731 interuallo
400 693 619 744 temporis,
653 693 696 731 in
731 703 819 733 vtam
858 694 1027 734 diuersis
1065 694 1225 735 orbitae
1259 696 1353 736 suae
1388 696 1490 736 locis
1520 710 1615 737 ver-

134 754 327 802 sabitur,
379 766 425 796 vt
460 756 534 795 vix
568 757 699 797 Linea
734 756 975 798 Parabolica
1020 759 1203 799 inueniri
1239 760 1350 814 posse
1388 761 1608 812 videatur,

136 831 247 872 quae
264 832 363 859 cum
381 821 580 874 portione
601 822 762 861 orbitae
782 821 1011 876 descriptae
1032 823 1210 877 perfecte
1229 825 1450 874 coincidet,
1488 826 1560 865 nisi
1582 826 1616 867 st

135 883 240 924 haec
261 884 396 924 orbita
414 885 533 925 valde
554 886 756 939 insignem
775 885 925 926 habeat
941 889 1318 928 excentricitatem.
1340 889 1533 942 Plerique
1553 891 1615 930 sa·-

136 961 189 988 ne
214 945 419 988 Cometae
454 962 634 1002 quorum
672 950 888 1002 hucusque
908 952 1110 991 institutas
1132 951 1331 992 habemus
1353 952 1612 992 obseruatio-

136 1024 241 1062 nes,
294 1013 342 1051 ad
374 1012 480 1052 hanc
518 1013 681 1053 classem
716 1013 923 1052 referendi
959 1013 1073 1066 sunt,
1124 1027 1272 1054 verum
1309 1015 1431 1055 valde
1469 1025 1613 1057 tamen

135 1077 261 1131 pauci
298 1089 445 1116 corum
480 1086 570 1115 tam
604 1077 677 1116 diu
712 1076 921 1116 obseruati
955 1077 1195 1127 habentur,
1246 1087 1295 1117 vt
1330 1090 1384 1118 ex
1420 1078 1614 1119 obserua-

135 1141 320 1180 tionibus
362 1141 417 1179 de
458 1139 851 1180 excentricitatibus
897 1139 1131 1181 orbitarum
1175 1143 1402 1196 quicquam
1439 1143 1614 1184 conclu-

130 1205 230 1246 dere
263 1204 422 1244 1iceret.
490 1204 603 1243 Nam
641 1203 669 1242 fi
700 1200 952 1256 catalogum
972 1202 1253 1247 cometarum
1289 1206 1610 1250 obseruatorum

130 1279 440 1322 percurramus,
487 1267 564 1306 vix
597 1267 707 1306 vltra
742 1268 838 1307 0630
871 1279 942 1309 aut
980 1282 1137 1310 nouem
1174 1283 1227 1311 ex
1262 1271 1342 1311 hoc
1373 1284 1526 1325 genere
1546 1274 1611 1313 in-

130 1332 352 1371 veniemus
390 1327 605 1378 Cometa-2,
641 1332 712 1382 qui
746 1332 924 1372 durante
960 1346 1107 1374 eorum
1128 1336 1389 1388 apparitione
1408 1337 1611 1390 angulum

133 1396 217 1444 70⁰
251 1395 363 1434 circa
397 1393 541 1434 Solem
577 1393 877 1446 descripserint,
914 1408 959 1437 et
993 1398 1022 1437 fi
1053 1396 1254 1439 cometas
1292 1410 1388 1440 ante
1421 1400 1609 1442 seculum

131 1458 320 1498 nostrum
363 1457 608 1497 obser-natos
644 1457 950 1509 excludamus,
1005 1463 1161 1515 quippe
1194 1475 1378 1515 quornm
1416 1463 1612 1506 obserua-

130 1523 267 1562 tiones
305 1523 482 1561 omniuo
516 1518 761 1562 incertiores
800 1522 902 1573 sunt,
946 1537 1072 1577 quam
1112 1535 1158 1565 vt
1192 1527 1500 1580 inuestigationi
1534 1540 1610 1569 ex-

132 1587 406 1627 centricitatis
443 1585 641 1626 inseruire
676 1596 859 1638 queunt,
918 1589 1030 1628 inter
1064 1588 1188 1631 huius
1225 1590 1364 1630 Seculi
1400 1589 1608 1633 Cometas

133 1663 219 1690 non
266 1650 338 1689 nisr
385 1660 566 1703 quatuor
609 1649 678 1690 vel
713 1651 897 1704 quinque
931 1651 1167 1702 habentur,
1221 1667 1298 1707 pro
1334 1654 1480 1707 quibus
1517 1655 1606 1709 spes

129 1715 249 1764 adsit,
285 1723 332 1754 vt
367 1727 514 1754 eorum
551 1723 714 1767 tempus
749 1714 1016 1756 Periodicum
1045 1730 1101 1756 ex
1129 1717 1488 1759 obseruationibus
1511 1720 1606 1760 clici

133 1788 270 1831 queat.
338 1778 505 1817 Horum
541 1779 583 1816 in
619 1792 798 1818 numero
831 1780 1019 1832 primum
1056 1781 1148 1821 sane
1183 1792 1324 1821 tuetur
1355 1782 1494 1823 locum
1515 1781 1607 1823 Co-

133 1851 246 1882 meta
293 1841 410 1881 Anni
453 1852 604 1893 17593
654 1856 802 1883 verum
839 1857 970 1896 quum
1008 1845 1095 1885 eius
1133 1857 1297 1898 tempus
1334 1846 1603 1888 Periodicum

130 1907 218 1946 iam
254 1905 418 1945 aliunde
456 1905 548 1944 satis
584 1905 789 1947 habeatnr
824 1909 1067 1960 cognitum,
1120 1909 1276 1949 inutilis
1312 1908 1424 1950 foret
1460 1923 1604 1964 opera,

133 1983 237 2023 quae
273 1971 314 2008 in
349 1969 580 2021 Temporis
616 1969 738 2010 huius
774 1971 984 2011 Pei-iodici
1020 1973 1338 2026 inuestigatione
1373 1987 1426 2014 ex
1461 1975 1603 2015 obser-

132 2033 372 2074 vationibus
407 2033 646 2073 deducenda
682 2034 866 2075 adhiberi
920 2036 1064 2088 posset.
1150 2037 1325 2077 Interim
1361 2051 1493 2091 quum
1523 2039 1603 2079 hu-

132 2097 195 2135 ius
231 2095 436 2137 Cometae
481 2097 610 2137 adsint
654 2098 963 2139 obseruationes
999 2100 1224 2140 interuallo
1259 2102 1446 2154 quinque
1480 2115 1601 2141 men-

131 2160 235 2202 sium
270 2162 377 2201 inter
413 2161 451 2202 se
485 2162 703 2213 distante53
755 2162 889 2202 nullus
943 2163 1124 2214 dubito,
1175 2166 1276 2218 quin
1326 2178 1471 2206 earnm
1518 2176 1600 2217 ope

132 2234 296 2278 tempus
328 2224 605 2277 Periodicum,
640 2225 782 2269 saltem
818 2227 936 2269 valde
958 2241 1090 2283 prope
1109 2229 1502 2270 determinationem
1526 2228 1599 2267 ad-

131 2290 287 2330 mittat.

848 2355 939 2398 Vv
978 2370 1000 2395 2
1454 2360 1485 2411 ξ.
1525 2368 1597 2399 10.
