2029 2750
915 114 1031 168 »ἓὲἐ
1096 113 1111 173 )
1152 111 1290 170 184(
1356 113 1470 165 &223⁰-

585 233 620 283 ς.
661 222 730 281 24]
798 226 966 270 Totum
1004 229 1160 270 scilicet
1189 228 1406 283 negotium
1436 227 1518 269 huc
1545 228 1668 277 redit,
1687 237 1734 268 vt
1751 229 1919 273 vltimae

454 294 671 350 imagines,
706 308 781 349 per
806 304 1076 348 quotcunque
1109 292 1240 334 lentes
1259 292 1602 346 repraesentatae,
1622 293 1731 333 vnde
1751 293 1854 333 radii
1881 295 1923 334 in

453 360 626 401 oculum
646 360 882 409 mittuntur,
903 359 961 398 ita
977 359 1264 412 disponantur,
1285 367 1343 406 vt,
1365 356 1392 395 fi
1412 358 1527 397 verbi
1547 358 1679 410 gratia
1707 369 1774 397 vv
1804 356 1922 397 exhi-

452 424 548 466 beat
582 425 811 478 imaginem
848 437 870 463 a
889 423 1012 463 radiis
1042 421 1240 462 violaceis
1266 419 1491 461 formatam
1520 430 1561 460 et
1581 434 1634 461 rr
1651 433 1756 471 cam,
1777 433 1882 473 quae
1901 435 1924 461 a

451 489 578 531 radiis
595 488 729 529 rubris
748 487 968 535 formatur,
987 486 1095 525 inter
1122 496 1238 535 quae,
1260 484 1463 536 imagines
1482 499 1505 525 a
1522 485 1693 537 reliquis
1713 483 1924 525 coloribus

449 562 572 594 natae
592 582 605 601 ,
639 552 786 590 ordine
824 550 862 588 se
899 549 1085 588 inuicem
1120 547 1387 600 insequantur
1406 577 1418 598 ,
1466 558 1514 588 vt
1532 577 1543 597 ,
1577 549 1750 601 inquam
1772 578 1783 597 ,
1819 548 1923 589 radii

446 629 524 671 per
544 614 831 655 extremitates
851 611 1104 663 fingularum
1117 610 1352 664 imaginum
1365 611 1621 652 transeuntes
1639 612 1682 652 in
1697 610 1786 666 ipso
1799 610 1924 653 oculo

448 685 726 728 concurrant;
761 685 852 716 tum
872 675 986 715 enim
1016 673 1283 715 manifestum
1304 675 1374 723 est,
1398 674 1452 714 ob
1475 675 1702 727 perfectam
1721 677 1925 717 vnionem

445 741 661 782 radiorum
690 739 1036 780 diuerficolorum
1063 749 1358 779 extremorum
1380 737 1422 776 in
1443 737 1569 779 oculo
1588 738 1749 780 nullum
1769 740 1922 793 margi-

445 817 547 847 nem
583 804 819 844 coloratum
853 812 1100 856 generatum
1137 803 1218 852 iri,
1253 803 1312 842 ita
1346 810 1394 841 vt
1427 801 1524 843 talia
1552 801 1774 856 telescopia
1796 803 1924 843 etiam

443 881 525 926 pro
537 868 829 909 achromaticis
856 866 1000 907 haberi
1022 866 1188 920 possint,
1207 865 1367 908 etiamfi
1388 878 1536 906 omnes
1557 866 1686 906 lentes
1705 878 1760 907 ex
1777 867 1923 908 eadem

446 933 546 973 vitri
574 932 708 985 specie
727 930 882 970 fuerint
901 929 1126 971 confectae.
1198 929 1314 983 Quin
1335 930 1462 970 ctiam
1481 931 1564 970 iam
1585 930 1689 972 olim
1710 929 1806 970 talia
1823 929 1922 971 tele-

444 993 765 1048 scopiafuerunt
789 992 990 1043 confecia,
1010 1006 1115 1046 quae
1135 994 1297 1033 obiecta
1316 993 1399 1033 fine
1419 994 1506 1035 vno
1524 995 1713 1047 margine
1733 993 1924 1037 colorato

444 1058 741 1099 exhibuerunt.
810 1055 962 1109 Neque
990 1068 1093 1096 vero
1121 1055 1202 1096 hoc
1234 1056 1364 1094 modo
1395 1058 1532 1096 omnis
1554 1057 1676 1110 plane
1695 1057 1883 1098 confufio
1902 1071 1926 1098 a

445 1119 608 1161 diuersa
636 1120 851 1159 radiorum
881 1118 1127 1159 refractione
1156 1118 1334 1158 oriunda
1364 1118 1538 1166 tollitur,
1569 1132 1673 1171 quae
1693 1120 1776 1158 fine
1796 1121 1924 1160 dubio

444 1196 498 1224 eo
525 1183 662 1223 maior
689 1182 765 1222 effe
793 1182 928 1229 debet,
958 1194 1043 1234 quo
1055 1182 1216 1222 maiore
1243 1182 1466 1222 interuallo
1484 1192 1698 1222 extremae
1718 1182 1922 1235 imagines

440 1259 473 1289 v
486 1259 515 1287 v
534 1256 575 1287 et
594 1258 649 1286 rr
677 1245 750 1286 ase
769 1246 956 1285 inuicem
974 1244 1130 1284 fuerint
1149 1255 1350 1295 remotae3
1369 1247 1572 1296 quoniam
1593 1245 1675 1285 hoc
1696 1246 1826 1286 modo
1845 1246 1924 1287 fin-

444 1311 543 1365 gula
571 1309 722 1350 obiecti
751 1309 905 1362 punc'ta
932 1309 974 1348 in
1003 1307 1134 1348 fundo
1163 1307 1273 1347 oculi
1296 1318 1379 1346 non
1400 1308 1578 1360 amplius
1597 1319 1670 1359 per
1689 1310 1840 1360 puncta
1858 1311 1924 1352 sed

444 1387 522 1431 per
549 1374 724 1427 exiguos
746 1372 936 1414 circellos
956 1372 1262 1425 exprimentur,
1284 1370 1356 1422 qui
1384 1370 1642 1423 quofiierint
1661 1370 1853 1419 maiores,
1873 1385 1925 1414 eo

446 1439 654 1480 maiorem
683 1436 971 1477 confufionem
999 1436 1167 1488 gignere
1196 1434 1362 1484 debent,
1376 1433 1536 1475 etiamsi
1563 1449 1585 1475 a
1603 1434 1792 1487 margine
1810 1436 1926 1477 colo-

444 1511 539 1542 rato
556 1501 723 1556 penitus
743 1499 836 1540 sunt
853 1498 1028 1539 liberati.

581 1618 614 1666 ς.
655 1626 726 1664 25.
797 1613 1052 1668 Quanquam
1090 1613 1217 1666 igitur
1252 1614 1527 1655 celeberrimo
1554 1613 1753 1655 Dollondo
1780 1611 1923 1654 lubens

446 1679 663 1733 largior-,in
681 1680 769 1719 eius
791 1678 899 1719 tubis
919 1677 1215 1719 achromaticis
1236 1678 1396 1717 nullum
1417 1679 1538 1730 plane
1556 1678 1787 1730 marginem
1807 1676 1925 1716 colo-

446 1753 588 1786 ratum
616 1743 816 1796 conspici,
850 1742 961 1783 hunc
992 1750 1131 1781 tamen
1158 1741 1366 1780 eximium
1399 1740 1591 1780 effectum
1613 1752 1696 1779 non
1718 1749 1801 1780 tam
1822 1739 1923 1778 lenti

447 1806 503 1847 ob
516 1808 687 1851 ieffiuae
703 1819 758 1847 ex
775 1805 939 1846 diuerso
958 1805 1071 1845 vitro
1088 1804 1306 1853 formatae,
1325 1817 1450 1857 quam
1471 1805 1643 1844 idoneae
1662 1802 1923 1855 disposstioni

438 1870 507 1913 len
529 1874 637 1913 tium
650 1871 884 1913 ocularium
897 1868 1168 1924 potissimum,
1190 1867 1455 1908 tribuendum
1476 1867 1552 1908 effe
1571 1866 1763 1914 arbitror,
1782 1866 1824 1905 in
1843 1878 1924 1918 qua

440 1934 528 1976 sent
545 1935 658 1977 entia
689 1949 741 1975 eo
777 1935 908 1987 magis
946 1932 1192 1982 confirmor,
1237 1933 1365 1985 quod,
1402 1931 1561 1972 etiamsi
1597 1931 1682 1971 lens
1718 1928 1924 1970 obiectiua

440 2004 543 2040 omn
565 1999 656 2049 ibus
688 1999 870 2039 numeris
888 1997 987 2038 ess‘et
1005 1996 1200 2050 perfecta,
1222 2006 1360 2036 tamen
1380 1996 1510 2036 lentes
1532 1994 1734 2041 oculares,
1753 1991 1824 2032 nisi
1844 1992 1922 2032 rite

440 2062 550 2103 inter
594 2060 632 2103 se
659 2059 812 2102 fuerint
824 2061 1057 2115 dispositae,
1080 2059 1241 2113 semper
1260 2060 1491 2113 marginem
1513 2057 1746 2098 coloratum
1766 2055 1920 2108 produ·

452 2137 548 2168 cere
572 2122 794 2177 deberent·‚
828 2134 951 2176 atque
978 2122 1080 2165 haec
1108 2123 1191 2163 fine
1203 2123 1331 2163 dubio
1350 2123 1406 2163 est
1421 2122 1542 2169 ratio,
1563 2133 1637 2160 cur
1654 2117 1737 2173 ipse
1757 2118 1920 2171 Dollon7

457 2190 534 2231 dus
558 2186 806 2244 plerumque
835 2198 1057 2228 numerum
1105 2185 1281 2228 lentium
1326 2184 1558 2225 ocularium
1595 2183 1645 2223 ad
1680 2182 1918 2236 quinarium

456 2263 590 2309 visque
624 2261 802 2306 augeat,
857 2250 955 2303 quia
987 2248 1071 2291 fine
1119 2247 1249 2289 dubio
1289 2247 1554 2302 paucioribus
1590 2246 1701 2287 hunc
1749 2246 1919 2297 scopum

1739 2307 1919 2350 obtineri
