2029 2750
873 175 993 229 »3223
1057 173 1251 232 )262(
1316 175 1432 229 &22:3oe

425 287 471 330 in
515 291 670 332 cantho
715 289 826 331 oculi
872 288 1071 330 anteriori
1107 290 1180 331 fita
1214 289 1271 329 est
1306 288 1555 329 memrbana
1589 285 1783 330 nistitans
1804 319 1814 339 ‚
1849 289 1906 332 sat

424 352 577 403 firma,
613 368 741 409 quam
777 353 933 396 animal
967 366 1045 408 pro
1079 353 1213 395 lubitu
1251 352 1323 393 suo
1358 353 1409 393 ad
1446 353 1687 393 auertendas
1732 354 1905 395 iniurias

425 427 619 459 externas
655 419 893 474 expandere
928 428 970 458 et
1004 418 1177 458 oculum
1213 416 1420 458 obducere
1440 417 1586 471 potest.
1654 414 1774 459 Setae
1798 417 1906 460 duae

424 481 483 523 sat
517 481 663 525 firmae
698 485 819 539 supra
853 481 1054 523 canthum
1091 481 1300 523 maiorem
1335 481 1448 522 oculi
1489 481 1600 532 sitae,
1636 481 1774 523 eidem
1816 482 1906 523 vsui

423 546 667 588 inseruiunt.

458 630 460 633 ⁴
575 610 781 652 Auricula
816 609 942 660 nulla,
979 618 1173 663 apertura
1208 607 1318 649 auris
1349 619 1487 660 onata,
1522 611 1669 665 rugosa
1688 612 1773 652 cuti
1793 610 1905 653 clau-

422 674 505 716 silis
540 675 608 715 est.

577 737 752 780 Collum
787 739 976 790 crassum,
1011 739 1110 780 coni
1144 739 1328 781 truncati
1363 737 1517 794 figura,
1552 739 1729 781 minime
1764 751 1907 783 tamen

422 803 675 846 distinctum.

575 870 758 913 Brachia
808 871 894 910 cuti
945 870 1125 924 pec‘toris
1171 868 1404 922 inuoluta3
1455 868 1619 922 palmae
1663 869 1910 911 membrana

424 935 520 989 pilis
556 936 667 975 tec‘ta
702 934 972 984 coadunatae,
1009 945 1204 976 extrema
1237 933 1297 976 V.
1335 934 1567 988 digitorum
1589 965 1599 984 ,
1661 935 1801 975 minus
1844 935 1906 975 di-

422 998 685 1046 stine‘mrum,
728 1008 944 1037 armantur
979 999 1126 1037 validis
1163 999 1371 1051 vnguibus
1408 999 1561 1051 nigris,
1613 1011 1795 1052 quorum
1833 1011 1905 1039 an-

424 1064 557 1103 terior
591 1062 731 1110 latior,
768 1060 966 1101 secundus
1003 1060 1174 1113 longior
1208 1062 1278 1107 est,
1316 1062 1467 1112 reliqui
1505 1063 1798 1114 magnitudine
1833 1063 1905 1103 de-

422 1124 625 1165 crescunt.
663 1124 711 1164 ln
746 1136 898 1176 genere
936 1134 1076 1164 tamen
1112 1124 1250 1164 multo
1284 1123 1508 1164 validiores
1545 1124 1638 1165 sunt
1672 1126 1782 1176 illis,
1814 1128 1907 1180 qui-

425 1188 502 1230 bus
538 1188 702 1242 plantae
738 1188 1008 1228 instruuntur.

558 1251 769 1294 Foemora
804 1253 854 1292 ad
888 1261 1093 1292 exortum
1139 1251 1296 1292 caudae
1341 1250 1526 1300 coalita,
1578 1255 1710 1306 magis
1764 1264 1907 1295 tamen

426 1331 530 1374 prae
565 1317 744 1358 brachiis
779 1315 919 1369 longa,
953 1315 1107 1369 plantis
1144 1314 1463 1369 pentadaCtylis,
1502 1314 1641 1367 digitis
1663 1317 1907 1357 membrana

428 1383 555 1425 firma
589 1382 699 1423 nuda
733 1382 844 1421 inter
872 1380 911 1421 se
946 1381 1122 1433 iunc‘ti53
1157 1379 1311 1420 horum
1349 1379 1502 1419 extimi
1539 1379 1677 1419 multo
1696 1379 1907 1433 longiores

425 1447 546 1498 sunt,
597 1446 760 1488 medius
796 1445 998 1486 minimus
1019 1475 1030 1493 ,
1065 1444 1177 1484 vnde
1212 1443 1380 1497 plantae
1415 1442 1625 1483 lunulatae
1670 1453 1913 1499 apparent;

428 1519 591 1565 ‘vngues
628 1510 768 1563 nigri,
805 1508 1060 1556 teneriores,
1096 1517 1282 1548 attamen
1319 1508 1528 1548 acutiores
1565 1521 1692 1561 quarn
1730 1509 1772 1548 in
1791 1508 1909 1563 plan-

429 1576 514 1627 tis3
551 1585 764 1616 mammae
797 1572 904 1613 duae
938 1571 1189 1623 retractiles‚
1240 1572 1389 1626 quibus
1424 1572 1599 1613 vnicum
1634 1571 1796 1614 foetum
1833 1586 1910 1616 nu-

428 1641 575 1681 triunt.

563 1700 685 1745 Cutis
723 1703 780 1744 sat
814 1701 951 1754 firma,
988 1702 1128 1754 crassa,
1164 1702 1259 1757 pilis
1295 1703 1424 1744 curtis
1461 1703 1665 1742 tenaciter
1683 1701 1906 1743 inhaeren-

430 1769 541 1811 tibus
577 1769 776 1809 instructa
809 1768 899 1820 est,
933 1767 1055 1809 color
1090 1780 1196 1808 vero
1231 1781 1383 1808 eorum
1419 1768 1461 1807 iu
1497 1767 1668 1807 diucrfis
1716 1766 1906 1820 partibus

430 1833 614 1875 diuersus
662 1833 732 1873 est.
802 1831 965 1886 Capitis
1017 1832 1137 1873 color
1188 1832 1363 1872 obscure
1417 1831 1628 1872 castaneus
1680 1840 1723 1871 et
1774 1831 1906 1885 magis

433 1899 484 1939 ad
531 1898 794 1952 nigredinem
839 1895 1098 1948 inclinatur,
1150 1897 1223 1951 qui
1276 1897 1451 1950 superne
1502 1906 1615 1936 retro
1667 1904 1906 1949 aperturam

433 1962 598 2002 aurium
660 1963 885 2011 excurrit,
937 1962 1098 2002 inferne
1149 1974 1254 2001 vero
1309 1962 1558 2001 coaretatur.
1676 1958 1906 2013 Reliquum

434 2038 588 2079 corpus
622 2025 787 2066 sordide
823 2025 963 2067 album
985 2057 996 2077 ,
1031 2035 1179 2067 ventre
1214 2036 1356 2067 tamen
1394 2026 1526 2077 magis
1585 2023 1802 2063 albicante.
1855 2021 1905 2063 In

434 2089 558 2131 dorso
593 2088 642 2129 ad
679 2088 879 2129 humeros
916 2090 1175 2144 conspicitur
1210 2091 1377 2131 macula
1413 2089 1541 2141 capiti
1560 2085 1778 2134 concolor,
1799 2100 1907 2140 quae

435 2154 573 2196 statim
608 2151 769 2193 bifurca
803 2153 943 2192 euadit
986 2163 1029 2193 et
1075 2153 1303 2193 secundnm
1348 2162 1577 2203 vtrurnque
1622 2151 1729 2191 latus
1773 2162 1906 2204 vsque

438 2219 488 2261 ad
524 2218 767 2272 regionem,
803 2216 874 2256 vbi
909 2217 1118 2256 emittitur
1153 2216 1287 2270 penis,
1323 2215 1516 2256 excurrit
1552 2215 1675 2255 lunae
1711 2215 1909 2255 dimidia-

436 2297 504 2325 tae
537 2281 688 2330 forma,
723 2294 829 2335 quae
864 2280 1026 2335 semper
1062 2280 1251 2320 constans
1287 2279 1357 2328 est,
1405 2279 1698 2321 accedentibus
1735 2279 1906 2321 interim

438 2348 526 2390 aliis
562 2346 750 2388 eiusdem
787 2345 940 2389 coloris
975 2344 1150 2387 maculis
1185 2343 1497 2400 irregularibus.
1557 2356 1566 2360 ⁴

1841 2405 1905 2449 Ita
