2029 2750
675 96 792 147 υὲέέ
855 91 871 154 )
910 102 997 150 369
1036 96 1052 155 (
1117 100 1233 152 &tc-&-

213 210 423 254 institutae
458 205 582 260 sunt,
635 218 797 250 certum
833 211 888 252 est
933 222 1098 268 tempus
1134 216 1401 262 Periodicum
1436 221 1570 265 adhuc
1608 226 1686 266 mi-

213 290 290 318 nus
326 274 536 323 inueniri,
596 274 653 313 ita
687 283 734 314 vt
770 275 1056 320 conclusiones
1094 291 1185 321 tum
1220 296 1271 324 eo
1307 288 1458 328 mineri
1493 289 1690 343 probabi-

213 342 330 384 litate
363 338 606 393 gauderent.

368 471 404 520 ς.
444 475 516 517 38.
584 465 786 509 Diximus
838 469 1205 526 inuestigationem
1258 491 1281 517 a
1330 479 1450 521 nobis
1500 482 1692 539 proposi-

216 543 336 583 tam,
373 544 459 572 non
495 532 568 572 nisl
603 533 965 577 verifimilitudine
1001 537 1069 580 sua
1105 540 1143 581 se
1190 547 1520 597 commendare,
1565 548 1691 601 plena

216 607 360 640 autem
395 597 607 637 conuictio
642 597 724 639 hoc
760 599 803 638 in
839 601 1013 654 negotio
1049 603 1321 659 obtinebitur,
1352 610 1380 650 fi
1416 612 1691 653 demonstrari

215 663 434 719 potuerit,
470 661 701 703 Elementis
737 664 884 704 nostris
919 666 976 706 ita
1011 667 1278 722 immutatis,
1331 684 1379 714 vt
1413 685 1577 731 tempus
1615 676 1693 718 Pe-

217 727 429 767 riodicum
466 727 598 767 maius
635 728 811 779 euadat,
861 727 1223 775 obseruationibus
1278 737 1479 780 secundae
1528 741 1693 796 appari-

214 791 342 831 tionis
378 803 542 831 errores
593 791 770 846 infignes
822 794 1007 848 quinque
1059 798 1127 838 vel
1179 799 1366 853 plurium
1422 806 1693 847 minutorum

213 856 454 910 primorum
490 855 662 907 induci;
698 867 788 897 tum
823 860 937 900 enim
973 862 1165 904 audacter
1199 866 1372 909 statuere
1426 869 1569 910 licebit
1614 882 1693 910 no-

212 921 296 961 stra
331 920 556 961 Elementa
592 921 670 961 rite
706 920 744 962 se
778 921 962 973 habere,
999 925 1153 974 {saltem
1189 940 1394 980 quatenus
1430 932 1694 975 obseruatio-

213 985 335 1029 nibus
370 984 500 1024 vllam
535 984 686 1025 habere
720 985 843 1026 liceat
877 986 1018 1026 fidem.
1086 988 1347 1032 Huiusmodi
1376 1002 1517 1034 autem
1535 996 1693 1049 disqui-

212 1049 408 1090 fitionem
443 1049 630 1088 nondum
666 1046 869 1100 suscipere
904 1049 1013 1091 mihi
1046 1050 1166 1091 licuit
1194 1083 1205 1102 ‚
1258 1067 1386 1106 quam
1420 1057 1549 1109 igitur
1583 1058 1612 1099 fi
1644 1059 1690 1100 in

211 1113 426 1168 posterum
467 1111 683 1152 exsecutus
719 1110 859 1160 fuero,
892 1124 998 1164 quae
1031 1126 1107 1168 per
1139 1129 1231 1157 eam
1266 1118 1373 1160 mihi
1409 1121 1689 1173 innotuerint,

210 1177 486 1218 Astronomis
522 1173 839 1215 communicare
886 1188 971 1216 non
1023 1178 1317 1224 intermittam.
1385 1183 1561 1227 Interim
1611 1199 1687 1229 ve-

210 1242 328 1282 niam
365 1254 387 1278 a
421 1238 646 1278 lectoribus
682 1249 750 1277 me
785 1249 928 1292 petere
965 1240 1021 1282 fas
1060 1243 1147 1293 est,
1194 1248 1307 1300 quod
1342 1249 1386 1289 in
1421 1250 1690 1294 describenda

210 1316 309 1344 mea
345 1302 663 1354 argumentandi
699 1304 892 1354 ratione,
930 1307 1054 1347 nimis
1089 1309 1224 1351 forsan
1271 1313 1463 1366 prolixus
1500 1314 1688 1367 fuerim,

211 1368 254 1408 id
290 1376 432 1407 autem
469 1380 560 1407 eam
597 1365 730 1406 solum
766 1367 819 1407 ob
856 1370 1035 1410 caussam
1071 1371 1230 1415 fastum
1264 1377 1346 1428 est,
1380 1389 1427 1419 vt
1460 1380 1689 1434 vnicuique

211 1441 401 1485 pateret,
438 1430 518 1473 hoc
555 1431 597 1470 in
636 1432 809 1484 negotio
844 1445 913 1472 me
959 1434 1067 1476 nihil
1111 1446 1269 1480 temere
1321 1451 1363 1482 et
1405 1443 1687 1499 praecipitan-

213 1506 276 1536 ter
311 1495 485 1536 statuere
521 1494 708 1535 voluisse.

365 1627 398 1676 §-
439 1637 509 1675 39.
576 1623 775 1679 Denique
809 1627 893 1668 iam
929 1641 951 1669 e
986 1643 1030 1671 re
1064 1633 1234 1686 quidem
1270 1634 1399 1686 esset,
1451 1646 1500 1678 vt
1549 1638 1688 1682 osten·

211 1688 356 1730 derem
391 1702 474 1742 qua
509 1690 672 1729 ratione
708 1690 779 1731 ista
813 1692 918 1733 coeli
955 1694 1047 1736 loca
1083 1698 1258 1739 indicari
1294 1711 1462 1754 queant,
1499 1703 1569 1743 vbi
1599 1702 1688 1746 Co·

213 1763 372 1793 metam
410 1755 611 1806 quaerere
650 1755 806 1796 necesse
842 1758 890 1798 fit
939 1759 981 1799 in
1033 1764 1237 1814 proximo
1287 1766 1374 1806 eius
1433 1767 1483 1808 ad
1517 1767 1688 1810 Perihe-

212 1817 318 1857 lium
357 1817 545 1861 accessu,
582 1818 653 1870 qui
688 1817 774 1860 An.
823 1831 939 1871 1781
992 1828 1238 1880 contingere
1274 1830 1445 1871 deberet
1475 1844 1486 1883 3
1537 1844 1688 1875 verum

214 1894 347 1934 quum
383 1880 614 1933 disquisitio
650 1884 787 1924 nostra
818 1886 903 1927 iam
939 1887 1023 1930 fere
1060 1892 1233 1932 modum
1271 1893 1564 1936 dissertationis
1609 1909 1688 1938 ex-

214 1945 358 1994 cedat,
393 1957 501 1998 quae
536 1943 612 1985 hac
647 1947 698 1987 de
736 1961 779 1989 re
811 1954 1023 1994 monenda
1065 1954 1190 2008 sunt,
1245 1956 1437 2012 singulari
1487 1958 1690 2003 Disserta-

215 2009 331 2051 tione
365 2008 591 2063 complefti
625 2011 792 2054 animus
826 2016 894 2057 est.
1000 2017 1007 2021 ’

475 2163 1466 2204 mmm

221 2313 325 2358 Aeta
343 2314 467 2359 Acad.
487 2317 583 2375 Imp.
601 2318 671 2363 Sc.
691 2323 798 2368 Tom.
818 2327 848 2370 1.
860 2331 905 2371 P.
925 2329 955 2371 1.
1171 2332 1214 2374 A
1248 2348 1272 2375 a
1304 2349 1330 2376 a
1574 2334 1690 2382 EPI-
