2029 2750
604 157 717 212 »⁶233
780 158 795 218 )
834 169 920 210 20³
957 155 976 215 ζ’
1037 157 1151 210 5423«

154 276 203 316 ad
221 272 385 314 fodinas
405 270 492 313 salis
511 268 750 309 Ilezkienses
771 268 819 310 ab
832 267 1156 310 Itineratoribus
1177 270 1324 312 nostris
1343 269 1610 311 obseruatum

153 339 222 379 est.
258 335 390 377 Cuius
409 344 512 374 vero
530 332 698 384 regulae
717 334 1013 386 exceptionem
1036 333 1252 388 hucusque
1269 334 1429 375 faciunt
1449 333 1612 374 Salinae

156 403 197 441 in
216 400 386 452 regione
405 396 513 436 elata
531 395 639 435 inter
659 396 863 450 Wolgam
881 407 926 437 et
945 396 1144 437 Dwinam
1159 428 1170 446 ‚
1206 398 1319 438 circa
1341 399 1550 438 Totmam
1569 408 1613 437 et

155 457 428 516 Solgalizkaja
445 458 616 507 obuiae,
637 460 838 512 itemque
857 462 905 501 ad
924 461 1147 510 Balachna,
1183 472 1224 502 et
1252 462 1364 502 circa
1382 461 1614 515 Augaram.

156 527 226 567 vbi
247 537 296 564 ne
314 525 355 562 in
377 523 477 575 ripis
495 525 733 576 praeruptis
756 524 923 576 quidem
944 525 1026 564 vlla
1045 525 1221 577 gypseae
1240 535 1415 566 naturae
1436 525 1614 565 substan-

159 591 218 630 tia
236 587 414 628 inueniri
434 586 588 638 potnit.
656 586 717 626 At
739 587 875 627 multo
896 590 1027 628 rarius
1047 589 1101 628 est
1122 590 1163 627 in
1184 589 1338 629 vicinia
1360 590 1579 642 regionum
1604 620 1614 634 ,

153 664 257 704 quae
276 649 369 690 Sale
386 650 535 689 diuites
555 648 645 689 sunt
660 680 669 695 ,
691 650 896 690 Schistum
918 651 1209 692 carbonarium
1228 662 1270 691 et
1290 649 1505 693 Carbones
1532 652 1616 692 fos-

153 714 240 756 siles
262 714 459 766 reperire.
526 713 752 754 Waidai'ici
773 714 898 753 colles
918 715 1086 767 quidem
1104 743 1114 763 ‚
1147 717 1219 767 qui
1250 714 1616 756 Statoruffensibus

154 778 292 819 salinis
311 777 483 816 finitimi
504 776 595 816 sunt
615 807 626 823 ,
661 788 703 818 et
722 778 837 830 tegio
866 777 1060 831 Angarae
1081 807 1091 825 ,
1127 777 1396 817 carbonarios
1435 778 1615 820 Schistos

154 843 199 882 in
221 842 257 882 se
279 842 500 881 continent
519 870 529 888 ‚
566 840 629 880 sed
651 842 863 893 sexaginta
898 843 948 881 ad
984 841 1193 880 mininum
1232 841 1356 881 stadia
1392 842 1585 882 distantes
1604 873 1615 884 ,

154 906 345 958 adeoque
379 905 455 943 vix
494 916 571 956 pro
607 903 905 956 scaturiginum
953 904 1144 949 salsarum
1181 904 1284 944 focis
1323 904 1616 956 agnoscendos.

157 967 327 1009 Contra
344 968 386 1006 in
410 977 502 1007 tota
522 967 780 1007 desertorum
802 966 895 1008 Sale
915 967 1160 1008 scatentium
1180 968 1351 1020 planitie
1381 967 1486 1007 nihil
1513 969 1621 1008 eius-

156 1032 276 1082 modi
314 1031 528 1077 occurrit,
563 1039 605 1069 et
643 1040 810 1070 montes
847 1032 958 1071 circa
1002 1031 1220 1081 Kusnezk‚
1269 1029 1464 1072 Carbone
1500 1032 1619 1072 foffih'.

155 1095 410 1136 abundantes
429 1123 440 1143 ‚
481 1091 549 1133 Sal
570 1105 773 1149 nusquam
792 1095 992 1149 produnt.

310 1224 343 1272 ξ,
369 1230 406 1266 8.
475 1221 648 1264 Natrum
683 1226 789 1279 apud
828 1238 903 1266 nos
922 1257 932 1276 ‚
968 1235 1015 1267 vt
1051 1227 1092 1266 in
1128 1226 1274 1270 India,
1310 1225 1542 1280 plurimum
1577 1232 1619 1264 et

160 1286 423 1342 purissimum
445 1287 485 1326 in
506 1287 608 1327 locis
628 1288 719 1328 Sale
739 1289 1092 1331 efflorescentibus
1113 1321 1123 1339 ,
1159 1304 1262 1344 quae
1282 1290 1418 1330 Ruffis
1439 1287 1620 1337 Solonzi,

157 1351 334 1390 Tataris
353 1349 420 1404 Ast
437 1350 633 1390 dicuntur
652 1382 662 1400 ,
699 1353 877 1394 inueniri
899 1382 909 1391 .
944 1353 1100 1394 dietum
1121 1355 1189 1395 est.
1257 1353 1365 1394 Sunt
1401 1353 1500 1393 talia
1527 1351 1621 1391 loca

152 1413 231 1453 vel
251 1413 365 1465 ripae
381 1413 547 1453 lacuum
567 1412 659 1454 Sale
678 1417 937 1457 imbutorum
960 1446 969 1465 ,
1005 1418 1072 1457 vel
1091 1418 1267 1458 lacunae
1286 1422 1438 1470 parum
1458 1413 1623 1467 depres-

165 1475 260 1524 sae,
295 1478 436 1516 variae
457 1478 768 1530 magnitudinis.
838 1479 1210 1534 Quemadmodum
1248 1482 1289 1519 in
1327 1481 1427 1531 ripis
1459 1478 1508 1517 ab
1527 1490 1623 1517 eua—

162 1541 386 1593 poratione
406 1553 536 1593 aquae
555 1541 720 1582 lacuum
740 1543 856 1583 salsae
880 1542 1128 1596 relinquitur
1147 1574 1158 1593 ‚
1194 1543 1245 1583 fic
1278 1545 1317 1583 in
1347 1541 1538 1596 dcpreffis
1566 1540 1624 1580 la-

150 1605 279 1643 cunis
298 1604 364 1644 vel
383 1618 404 1642 a
424 1604 567 1644 sudore
589 1604 685 1645 salso
714 1616 848 1647 terrae
868 1637 878 1656 ,
914 1607 1216 1659 scaturiginum
1246 1607 1470 1646 latentium
1501 1603 1594 1643 Sale
1614 1633 1624 1651 ‚

147 1667 233 1706 ‘vel
248 1667 450 1706 confluxu
470 1680 600 1719 aquae
620 1668 784 1721 pluuiae
805 1682 934 1710 terras
971 1670 1084 1710 salsas
1121 1670 1362 1710 elutrientis
1399 1680 1625 1709 coacerua-

144 1740 246 1770 -tur.
292 1729 506 1770 Videntur
523 1740 565 1771 et
585 1731 676 1773 solis
695 1733 834 1774 calore
853 1734 976 1774 flores
996 1734 1124 1774 salino
1144 1756 1160 1762 -
1182 1733 1334 1773 nati-osi
1355 1746 1376 1773 e
1397 1743 1510 1771 terra
1527 1729 1623 1770 clici

166 1793 276 1845 posse
299 1822 309 1839 ,
345 1794 457 1845 quod
477 1795 517 1833 in
539 1796 636 1847 ripis
657 1796 838 1837 humofis
869 1798 1095 1838 fluuiorum
1126 1797 1267 1850 paffim
1296 1795 1516 1835 obseruare
1553 1793 1622 1834 est.

146 1853 311 1895 -Variis
333 1856 434 1895 locis
455 1857 603 1897 deserti
639 1857 897 1902 Calmuccici
932 1871 974 1901 et
1012 1873 1259 1914 camporum
1298 1858 1540 1899 lietensium
1576 1857 1626 1896 ad

147 1919 336 1971 .aliquod
357 1916 524 1972 Orgyas
542 1920 740 1964 fodiendo
759 1935 802 1965 et
839 1924 1089 1965 terebrando
1125 1924 1320 1976 inquilini
1356 1925 1397 1962 in
1433 1932 1628 1961 naturam

167 1981 240 2022 soli
260 1981 500 2023 lacunarum
522 1982 614 2025 Sale
633 1986 875 2029 albentium.
911 1987 1162 2041 Superficies
1183 1988 1224 2026 in
1254 1986 1462 2026 eiusmodi
1489 1984 1628 2038 regio-

148 2046 286 2086 .nibus
311 2077 322 2095 ,
354 2054 402 2086 vt
420 2057 463 2086 et
482 2046 630 2088 fundus
651 2049 816 2091 lacuum
839 2050 1033 2091 salsorum
1054 2081 1065 2100 ‚
1101 2052 1172 2103 qni
1192 2050 1389 2104 profundi
1410 2059 1627 2102 nunquam

146 2108 261 2148 .sunt
281 2139 292 2158 ,
326 2109 454 2162 vulgo
474 2111 616 2164 argilla
635 2143 645 2161 ‚
681 2114 748 2154 vel
765 2114 992 2155 lutescente
1011 2144 1022 2164 ,
1057 2114 1126 2155 vel
1155 2113 1466 2154 coerulesccnte
1485 2143 1496 2159 ‚
1534 2122 1627 2149 raro

174 2170 262 2209 alba
279 2201 290 2219 ‚
325 2172 561 2227 saepiusque
579 2176 786 2227 calcar-eae
821 2188 994 2219 naturae
1028 2179 1237 2231 participe
1272 2177 1458 2218 constare
1495 2173 1596 2214 solet
1615 2202 1625 2219 ‚

149 2234 287 2273 ·cuius
307 2233 514 2278 summum
533 2251 654 2280 arena
675 2270 686 2290 ,
723 2251 845 2282 motu
881 2241 1172 2296 superindueta
1192 2271 1202 2290 ‚
1240 2242 1426 2280 mixtum
1462 2238 1627 2288 semper

173 2295 240 2335 cst.
308 2295 525 2341 Interdum
560 2314 728 2358 qnoque
764 2318 819 2345 ex
853 2305 1001 2346 Humo
1036 2305 1154 2359 nigra
1187 2301 1454 2345 efflorescunt
1483 2299 1595 2341 Sales
1616 2327 1626 2345 ‚

251 2385 254 2388 ’
802 2365 839 2408 C
860 2380 881 2407 c
920 2380 944 2406 2
1526 2361 1627 2402 dum
