2029 2750
588 128 699 194 *ἑο-’.ξ
766 138 958 199 )243(
1023 140 1137 193 &323³-

140 267 182 301 et
216 259 324 301 nihil
354 269 405 300 eo
441 259 594 299 certiu's
629 256 696 296 est.
780 254 847 295 Eo
891 256 1021 306 magis
1068 266 1205 297 autem
1252 246 1321 297 liic
1356 254 1467 295 idem
1505 255 1602 294 effe-

140 326 227 366 <stus
263 325 305 364 in
341 322 507 363 valuula
540 329 668 359 venae
705 317 951 357 coronariae
989 319 1272 360 attribuendus
1306 320 1385 360 erit
1404 318 1604 372 sanguini,

140 400 194 428 ex
232 385 315 426 finu
353 385 421 425 sub
457 385 543 423 eius
581 379 728 433 systole
764 381 805 419 in
842 379 1047 422 sacculum
1085 381 1250 436 elapso,
1286 396 1384 422 cum
1421 381 1603 435 peculia-

141 462 228 491 rem
264 446 532 488 Prouidentia
568 455 716 485 contra
753 445 927 484 noxiam
963 444 1085 485 huius
1122 446 1233 487 casus
1272 445 1479 487 medelam
1534 458 1604 498 pa*-

138 514 307 555 fauerit.
375 509 457 550 Sed
491 510 685 549 discimus
722 509 818 548 inde
853 520 1021 562 quoque
1057 520 1212 561 quanta
1249 510 1295 550 fit
1330 511 1393 550 vis
1441 510 1604 549 auricu-

139 577 233 620 lae,
268 588 379 627 qua,
425 574 526 614 dum
563 573 599 613 se
635 572 876 621 contrahit,
928 571 1169 625 sanguinem
1206 574 1322 614 suum
1360 575 1402 615 in
1439 573 1497 614 sui
1532 587 1606 627 pa·

138 639 261 679 rietes
290 648 426 692 Vrget,
462 647 504 678 et
542 636 703 677 nullum
741 646 853 676 certe
889 647 1181 688 argumentum
1219 638 1409 677 inuenire
1446 638 1603 689 possem

139 702 304 757 aptius,
340 714 425 754 quo
447 731 458 745 ,
493 701 604 752 quod
643 700 759 753 supra
793 699 912 747 dixi,
948 700 1182 751 periculum
1218 701 1331 748 fore,
1365 699 1600 754 probarem,

138 779 191 808 ne
225 765 391 807 valuula
427 776 706 817 rumperetur,
742 763 768 804 fi
806 763 926 802 solito
963 764 1093 804 mod-o
1130 763 1385 819 semilunaris
1421 763 1601 814 orificio,

128 829 539 884 perpendiculariter
574 828 615 867 in
653 827 783 867 finum
819 825 967 875 hianti,
1003 826 1191 880 praefixa
1225 827 1369 868 fuisset.
1439 827 1481 868 Si
1501 841 1600 882 pau-

139 906 210 935 cae
247 894 361 934 enim
395 891 579 946 guttulae
615 891 736 932 huius
773 889 981 944 sanguinis
1026 890 1134 931 finus
1181 891 1337 945 elapsae
1389 891 1600 937 valuulam

138 957 355 1011 perforare
399 956 593 1010 potsunt,
644 955 798 1007 quidne
834 956 979 1007 ingens
1015 953 1170 998 faceret
1205 955 1348 1000 riuus,
1401 953 1522 1006 plena
1557 955 1600 993 vi

137 1022 180 1062 in
216 1020 424 1061 orificium
459 1020 628 1070 eiusque
663 1017 873 1058 valuulam
911 1017 1160 1070 irrumpens,
1207 1017 1324 1058 nullo
1358 1015 1495 1059 fulcro
1529 1017 1603 1061 do-

137 1094 276 1126 natam
297 1115 308 1135 ,
344 1093 391 1124 vt
426 1081 596 1137 quidem
631 1080 733 1122 haec
768 1080 891 1134 plana
924 1079 1075 1122 foueae
1111 1082 1259 1135 parieti
1293 1079 1500 1125 innititur.

284 1210 478 1251 Maxime
513 1219 652 1252 autem
689 1208 930 1250 admirabile
975 1210 1017 1249 in
1052 1208 1129 1250 hac
1176 1221 1219 1250 re
1265 1208 1370 1249 mihi
1405 1207 1486 1249 hoc
1523 1207 1598 1249 effe

132 1276 329 1323 videtur,
365 1275 508 1326 quod,
552 1272 708 1312 etiamsi
743 1273 833 1313 casu
871 1273 1049 1317 accidit,
1095 1282 1142 1312 vt
1177 1272 1373 1322 valuula,
1417 1272 1519 1313 ficut
1555 1273 1597 1312 in

136 1340 219 1380 hoc
253 1336 482 1389 exemplu,
519 1335 781 1389 perforetur,
819 1336 859 1375 id
895 1345 1036 1376 tamen
1073 1337 1248 1379 minime
1284 1335 1372 1377 vsui
1408 1335 1599 1377 valuulae

137 1402 324 1450 officiat,
359 1401 459 1453 quin
495 1399 727 1441 faciliorem
764 1400 902 1452 potius
939 1400 1058 1441 illum
1094 1400 1237 1445 reddat
1273 1400 1490 1451 multoque
1511 1412 1598 1443 cet-

137 1467 305 1506 tiorem.
374 1463 487 1518 Quid
531 1463 640 1503 aliud
685 1462 797 1506 enim
843 1461 944 1509 fiet,
995 1463 1264 1514 posteaquam
1317 1462 1498 1502 sacculus
1553 1463 1596 1506 in

135 1529 265 1570 fundo
301 1538 463 1582 apertus
499 1527 584 1575 est,
620 1524 693 1567 nisi
729 1536 775 1565 vt
811 1524 1088 1579 sanguis,per
1122 1524 1333 1566 orificium
1368 1537 1597 1566 commune

135 1594 177 1633 in
225 1593 430 1633 sacculum
476 1590 661 1645 elapsus,
712 1589 865 1644 pressus
911 1589 952 1629 vi
990 1589 1074 1642 ipsa
1108 1588 1344 1638 auriculae,
1398 1602 1471 1643 per
1504 1588 1599 1631 fun·-

137 1651 238 1697 ’ἀυτῇ
274 1653 425 1695 iterum
461 1657 612 1698 exeat,
649 1657 782 1706 eoque
818 1653 955 1694 minus
992 1662 1182 1707 penetret
1217 1653 1259 1692 in
1295 1652 1505 1693 orificium
1527 1666 1599 1693 ve-

137 1732 211 1760 nae
256 1719 491 1772 proprium.
575 1716 758 1758 Valuula
803 1719 972 1758 interim
1009 1718 1069 1758 sui
1102 1727 1219 1771 parte
1255 1717 1392 1757 media
1428 1727 1468 1756 et
1504 1716 1597 1756 smi-

139 1783 297 1822 steriori
333 1782 540 1822 orificium
576 1783 796 1835 proprium
831 1781 999 1835 largiter
1035 1782 1140 1821 tueri
1177 1790 1329 1834 perget.
1398 1777 1490 1820 Nec
1512 1793 1599 1821 ma-

136 1844 199 1897 gis
236 1842 392 1897 sanguis
428 1846 631 1886 auriculae
666 1858 739 1899 per
774 1844 950 1885 fundum
972 1845 1157 1886 -intrabit
1193 1845 1234 1884 in
1269 1842 1435 1884 foueam
1471 1856 1597 1898 quam

137 1919 212 1961 per
247 1911 446 1961 magnum
482 1907 691 1949 orificium
727 1921 968 1950 commune.

268 2035 388 2079 Hanc
432 2045 590 2078 tantam
636 2037 946 2090 prouidentiam
988 2037 1038 2078 ad
1082 2036 1307 2082 arcendum
1358 2036 1598 2091 sanguinem

117 2098 249 2141 ‘fitius
285 2114 306 2139 a
340 2113 447 2144 vena
480 2101 699 2145 coronaria
734 2115 818 2144 non
855 2111 1012 2144 temere
1063 2101 1290 2145 adhibitam
1335 2101 1443 2149 effe,
1479 2100 1596 2141 facile

142 2161 331 2215 suspicari
366 2164 472 2208 licet.
541 2163 585 2207 Si
621 2163 805 2219 sanguini
839 2163 1047 2208 auriculae
1082 2165 1182 2208 haec
1218 2166 1285 2205 via
1318 2173 1493 2219 pateret,
1528 2175 1598 2201 va-

145 2226 252 2267 rices
303 2229 534 2278 continuo,
587 2242 691 2275 mox
727 2229 829 2275 sacci
871 2241 1102 2279 enormes,
1153 2241 1302 2271 cruore
1336 2227 1503 2267 referti.
1555 2225 1599 2265 in

82 2327 86 2330 .
116 2297 300 2332 ,υυιιεο
349 2289 470 2331 huius
521 2304 653 2332 venae
705 2294 846 2342 nudo,
898 2293 941 2333 in
977 2292 1288 2344 numerosisque
1322 2290 1407 2330 eius
1440 2289 1566 2330 ramis
1587 2318 1598 2337 ,

835 2355 924 2396 Hh
963 2369 986 2394 2
1522 2364 1597 2406 per
