2029 2750
604 160 717 214 »3³2ss
785 163 977 222 7213(
1043 166 1158 218 ἓῖεέω

299 268 675 347 LEDVM
740 269 1473 361 BVXIFQLPVM,

220 390 415 443 NOVA
468 385 558 435 EX
605 383 905 436 AMEmCA
962 385 1549 444 SEPTE-NrffloN-Am

415 481 690 534 ALLATA
725 480 1055 534 rhama-E<
1078 483 1359 552 sauciis&

305 601 492 657 QVAM
526 597 973 643 DESCRIPTIONE
1009 602 1235 658 ATQVE
1268 603 1462 650 ICONE

680 696 1094 739 ILLVSTRAVIT

379 826 672 872 PETRVS
719 823 957 869 IONAS
1007 826 1360 870 BERGIVS.

139 924 521 1063 Excubantibus
544 967 677 1007 nostra
697 977 829 1008 aetate
851 978 1023 1020 quoquo
1035 964 1172 1008 versus
1186 968 1449 1009 eruditorum
1464 978 1613 1022 quarm

279 1033 470 1086 plurimis
508 1044 586 1083 pro
614 1030 971 1084 contemplatione
1005 1030 1214 1081 Naturae,
1251 1042 1373 1085 atque
1403 1031 1455 1072 fic
1483 1033 1611 1073 etiam

142 1094 353 1149 speciatim
390 1108 466 1148 pto
501 1093 754 1146 perficienda
787 1107 830 1134 re
860 1092 1049 1134 herbaria
1069 1125 1079 1143 ‚
1115 1097 1190 1136 vix
1217 1096 1446 1149 quidquam
1464 1098 1610 1136 iucun-

138 1160 228 1200 dius
266 1159 452 1198 accidere
488 1157 619 1206 iulet,
663 1171 790 1210 quam
826 1170 922 1198 cum
960 1157 1193 1199 offeruntur
1229 1160 1369 1212 stirpes
1404 1159 1608 1211 quaedam

137 1235 303 1271 nouae,
339 1223 498 1262 nemini
535 1221 838 1262 Botanicorum
874 1223 987 1274 prius
1023 1221 1142 1262 visae.
1213 1223 1306 1275 Ego
1334 1224 1510 1275 proinde
1539 1232 1608 1264 me

136 1299 224 1328 non
253 1296 520 1338 peccaturum
545 1284 689 1337 spem,
726 1285 753 1324 s1
774 1285 940 1337 stirpem
960 1284 1273 1335 Americanam,
1308 1287 1369 1325 ita
1384 1295 1429 1326 vt
1447 1286 1608 1327 dictum

137 1351 194 1391 est
223 1358 508 1401 comparatam
532 1377 542 1396 ,
579 1359 721 1387 coram
751 1347 1012 1388 illustriffima
1038 1346 1269 1389 Academia
1289 1349 1502 1403 Imperiali
1531 1360 1609 1392 cx·

135 1414 303 1454 hibcam
325 1442 334 1461 ‚
370 1411 466 1452 licet
493 1410 666 1450 fortaffis
696 1425 721 1450 a
746 1410 1061 1464 reprehensione
1084 1414 1327 1453 temeritatis
1358 1426 1442 1453 non
1463 1411 1604 1462 absim,

136 1477 249 1530 quod
279 1489 375 1516 cum
406 1486 490 1515 ram
521 1474 667 1527 pufillo
695 1485 867 1515 munere
889 1474 1057 1527 prodire
1077 1473 1217 1515 aufim.
1286 1475 1452 1516 Verum
1473 1488 1605 1530 quan-

135 1541 363 1593 doquidem
378 1540 485 1578 inter
504 1538 663 1591 plantas
682 1538 905 1579 Americae
925 1536 1257 1592 septentrionalis
1274 1549 1317 1580 et
1334 1538 1509 1582 Sibiriae
1527 1550 1605 1582 ex·

135 1605 240 1646 stans
269 1603 424 1656 saepius
454 1601 705 1656 deprehensa
733 1602 790 1643 est
809 1601 1035 1643 similitudo
1068 1613 1108 1642 et
1131 1602 1326 1657 cognatio
1346 1635 1356 1654 ,
1391 1613 1495 1658 puto
1516 1616 1602 1646 non

130 1669 412 1720 incongruum
440 1666 530 1707 fore
550 1696 562 1715 5
596 1677 643 1706 vt
670 1679 767 1707 cum
792 1665 972 1706 inuentis
1005 1679 1136 1720 nuper
1165 1669 1208 1707 in
1231 1667 1382 1709 Sibiria
1408 1667 1601 1722 plurimis

131 1731 324 1785 stirpibus
354 1730 472 1770 nouis
492 1729 593 1771 haec
621 1744 715 1771 mea
742 1740 835 1770 ante
864 1726 1130 1781 conferatur,
1166 1745 1293 1784 quarn
1313 1745 1409 1772 cum
1429 1732 1601 1785 publico

131 1795 481 1836 communicetur.
536 1791 764 1835 Caeterum
783 1807 838 1835 eo
864 1794 1006 1835 saltem
1037 1796 1208 1835 nomine
1231 1795 1599 1837 sese-commendat

129 1859 239 1899 dic‘ta
274 1858 426 1899 haecce
458 1858 590 1911 stirpS,
626 1859 739 1912 quod
774 1870 1048 1912 augmentum
1085 1859 1282 1900 conciliat
1310 1859 1413 1901 Ledi
1441 1859 1597 1914 generi,

128 1921 325 1963 haetenus
344 1931 545 1976 perquam
567 1923 708 1976 inopi,
744 1933 891 1977 vtpote
926 1924 1040 1963 cuius
1060 1925 1184 1963 vnica
1200 1922 1404 1964 duntaxat
1423 1925 1465 1964 in
1483 1924 1597 1966 hunc

130 1986 240 2026 diem
261 1996 360 2026 nota
379 1985 455 2025 fuit
475 1985 639 2039 species.
688 1987 865 2027 Habitus
884 1987 1163 2027 Americanae
1179 1986 1303 2029 huius
1322 1989 1427 2028 Ledi
1447 1987 1597 2042 speciei

133 2051 362 2102 generatim
392 2049 482 2090 satis
513 2051 712 2090 conuenit
739 2063 835 2091 cum
863 2050 1007 2091 habitu
1038 2052 1197 2092 nostrae
1214 2051 1492 2106 Europaeae,
1528 2051 1594 2092 sed

131 2112 230 2152 dum
258 2113 358 2154 haec
386 2112 485 2154 folia
512 2114 635 2155 habet
662 2114 833 2156 linearia
852 2144 864 2165 ,
898 2115 968 2155 illa
987 2116 1129 2156 eadem
1148 2117 1259 2169 gerit
1277 2127 1412 2157 ouata.
1479 2114 1592 2155 Reli-

136 2187 241 2227 quae
269 2176 525 2218 differentiae
551 2177 673 2219 fufius
696 2178 994 2220 adumbrantur
1011 2189 1096 2219 tam
1115 2180 1157 2219 in
1179 2179 1390 2222 subiuncta
1408 2192 1501 2219 mea
1520 2178 1592 2216 de·

137 2237 358 2291 scriptione
378 2270 388 2288 ‚
422 2254 546 2293 quam
565 2243 607 2282 in
637 2243 794 2285 adiecta
814 2245 937 2284 icone
956 2274 967 2293 ‚
1003 2257 1108 2298 quae
1127 2244 1176 2284 ad
1196 2242 1402 2300 specimen
1420 2242 1590 2290 siccum,

130 2314 152 2342 e
178 2300 265 2344 solo
293 2302 417 2344 natali
435 2304 618 2359 allatum,
652 2309 794 2351 exacte
813 2307 1010 2349 adornata
1028 2308 1083 2348 est
1103 2322 1111 2350 ;

809 2369 850 2414 D
870 2371 895 2412 d
933 2382 956 2421 3
1369 2364 1590 2412 LEDVM
