2029 2750
612 125 727 178 ”22:ss
793 122 989 182 )337(
1053 122 1168 174 ἓὶέέν·

155 251 242 282 tam
288 249 420 292 prope
464 238 720 287 conuenire,
771 247 819 277 vt
853 249 1014 278 errores
1050 239 1091 278 in
1129 238 1234 280 hanc
1269 238 1479 282 Tabulam
1515 243 1621 281 deri-

153 304 279 345 vandi
330 303 405 342 vix
458 313 586 342 vnum
632 310 674 341 et
717 300 894 341 alterum
930 302 1043 341 diem
1080 304 1293 344 excedant.
1364 303 1411 344 In
1448 303 1621 346 secunda

154 379 293 409 autem
312 365 499 415 Tabula,
537 378 613 419 pro
631 365 794 417 exiguis
813 364 1024 406 vvaloribus
1045 366 1258 407 distantiae
1278 368 1526 421 periheliae,
1562 381 1626 409 er-

152 444 269 474 rores
292 430 465 483 insignes
485 429 626 469 locum
647 429 797 469 habere
815 430 1000 483 possent3
1021 442 1171 471 verum
1191 432 1232 471 in
1253 431 1316 472 his
1337 431 1490 473 casibus
1509 441 1626 474 certo

154 497 328 537 statuere
364 494 463 533 licet
497 494 856 534 excentricitatem
891 507 943 535 eo
977 496 1111 549 magis
1147 495 1374 537 increscere
1395 525 1405 544 ,
1443 509 1529 550 quo
1563 497 1625 536 di-

156 559 300 601 stantia
332 557 531 597 Perihclii
567 558 718 598 euadat
755 560 923 608 minor,
981 560 1090 600 vnde
1126 570 1340 614 vtcunque
1377 561 1628 602 excentrici-

157 635 217 663 tas
252 620 377 662 fuerit
412 632 668 675 comparata,
704 623 746 662 in
783 623 859 663 hac
895 623 1060 664 Tabula
1098 637 1217 665 error
1255 637 1387 666 vnum
1422 625 1494 666 vel
1529 624 1628 666 alte-

155 699 253 728 rum
292 685 468 738 gradum
503 699 580 739 pro
617 687 826 728 anomalia
860 688 935 727 vix
971 688 1187 742 superabit.

311 752 344 799 §.
385 760 426 798 7.
492 750 562 790 Ex
597 750 850 805 inspectione
871 751 1060 793 Tabulae
1080 752 1225 794 allatae
1245 753 1388 807 liquet,
1428 754 1457 795 fi
1480 754 1629 795 distan-

157 816 216 856 tia
243 813 441 854 Perihelii
471 815 645 855 excedat
671 829 707 866 1⁷
732 828 752 864 5
786 817 999 857 distantiae
1019 817 1175 857 telluris
1196 819 1356 859 mediae
1377 833 1397 858 a
1418 817 1530 869 Sole,
1566 820 1630 859 in-

158 878 335 920 teruallo
365 878 490 919 trium
516 880 719 920 meusium
741 894 824 920 non
847 881 918 921 nisi
938 882 1136 934 angulum
1160 886 1235 932 570
1254 897 1276 922 a
1295 882 1504 923 Perihelio
1523 885 1632 923 circa

158 942 302 986 Solem
322 943 507 992 describi,
527 953 569 983 et
588 957 667 997 pro
689 945 895 985 anomalia
913 945 1091 994 90⁸⁷fere
1106 946 1261 998 septem
1275 947 1432 997 requiri
1447 945 1632 996 mense53

159 1020 287 1061 quare
316 1009 391 1046 vix
421 1007 507 1060 spes
527 1007 596 1054 est,
618 1005 844 1047 Cometam
867 1008 983 1047 cuius
1003 1008 1072 1047 vel
1093 1018 1218 1057 tauta,
1254 1008 1320 1048 vel
1341 1009 1479 1049 maior
1497 1010 1553 1050 est
1571 1010 1633 1049 di-

158 1073 306 1113 stantia
325 1069 534 1117 Perihelii,
567 1071 725 1109 tamdiu
748 1070 952 1111 obseruari
975 1073 1101 1124 polle,
1130 1082 1176 1111 vt
1195 1072 1245 1111 de
1265 1084 1367 1111 vera
1386 1072 1473 1112 eius
1496 1072 1633 1112 orbita

157 1135 360 1188 Elliptica
389 1133 545 1184 aliquid
576 1134 826 1174 concludere
858 1135 1012 1174 liceret.
1079 1134 1149 1175 Ex
1179 1135 1258 1175 hoc
1282 1148 1431 1188 genere
1454 1136 1632 1176 nonnisi

157 1200 243 1240 duo
279 1197 421 1237 adsunt
465 1196 670 1236 Cometae
707 1196 940 1243 obseruari,
994 1199 1110 1252 prior
1145 1201 1216 1252 qui
1251 1213 1274 1239 a
1312 1211 1364 1247 31
1407 1200 1500 1241 Iulii
1537 1201 1634 1240 anni

165 1275 285 1310 1729
339 1273 469 1312 vsque
522 1259 569 1298 ad
618 1273 669 1298 21
712 1260 889 1302 Ianuarii
933 1273 1051 1313 1730
1093 1264 1285 1316 apparuit
1334 1274 1375 1304 et
1419 1266 1535 1305 cuius
1572 1266 1634 1306 di-

162 1326 307 1365 stantia
343 1323 536 1363 Perihelii
575 1324 749 1364 habetur
785 1341 828 1375 4,
854 1339 901 1377 13
937 1326 1051 1375 alter,
1088 1328 1158 1379 qui
1193 1327 1324 1368 Anno
1366 1341 1486 1379 1747
1526 1344 1548 1369 a
1576 1341 1633 1378 30

161 1388 340 1442 Augusti
375 1400 504 1439 Vsque
541 1388 590 1427 ad
627 1399 649 1436 5
688 1388 936 1430 Decembris
973 1390 1208 1431 obferratus
1245 1392 1423 1434 habetur
1458 1403 1498 1433 et
1517 1395 1634 1434 cuius

160 1452 357 1492 distantia
393 1450 588 1491 Perihelii
625 1462 713 1491 erat
751 1465 790 1501 2,
831 1465 871 1500 3.
940 1454 1075 1495 Facile
1113 1465 1254 1494 autem
1275 1457 1528 1509 intelligitur
1547 1454 1636 1497 Co-

159 1525 290 1557 metas
330 1515 377 1554 ad
415 1514 520 1554 hanc
550 1515 712 1556 classem
743 1518 997 1569 pertinentes
1017 1519 1149 1558 rarius
1170 1519 1211 1557 in
1233 1519 1368 1560 Terra
1387 1520 1464 1560 effe
1484 1520 1637 1561 debere

159 1580 404 1632 conspicuos
420 1609 429 1627 ‚
467 1588 508 1618 et
537 1580 705 1631 quidem
736 1580 822 1620 fieri
840 1582 975 1634 poffe,
1010 1591 1056 1621 vt
1076 1583 1266 1622 nonnulli
1287 1596 1436 1623 eorum
1456 1594 1634 1637 propter

159 1644 420 1684 debilitatem
450 1642 618 1683 luminis
639 1645 681 1683 in
704 1644 918 1686 Periheliis
947 1645 1077 1687 visum
1102 1647 1287 1687 nostrum
1307 1646 1429 1700 plane
1448 1657 1634 1702 praeter-

163 1708 335 1762 fugiant.

311 1773 345 1819 ξ.
387 1778 424 1812 8.
494 1769 537 1810 Si
573 1771 762 1813 distantia
798 1764 1220 1827 peribeliiCometae
1249 1776 1481 1828 cuiuspiam
1513 1775 1637 1816 fuerit

162 1836 329 1887 exigua,
365 1843 512 1885 vtpote
550 1836 688 1877 minor
724 1851 848 1890 qnam
871 1851 913 1887 0,
938 1853 977 1886 2,
1015 1839 1081 1879 seu
1113 1840 1260 1892 quinta
1287 1850 1404 1893 parte
1424 1840 1637 1880 distantiae

163 1898 325 1940 mediae
348 1896 504 1937 telluris
525 1913 546 1937 a
569 1898 678 1948 Sole,
708 1903 930 1943 interuallo
951 1904 1076 1942 trium
1101 1904 1302 1943 mensium
1325 1917 1442 1944 arcus
1465 1905 1541 1944 vix
1564 1907 1638 1952 50⁰

164 1962 314 2017 gradus
351 1975 372 1999 a
409 1959 589 2002 Cometa
627 1965 889 2014 describetur,
928 1967 953 2006 fi
985 1968 1184 2007 nimirum
1217 1967 1437 2021 seponatur
1459 1979 1638 2022 tempus,

166 2039 251 2079 quo
289 2022 471 2065 Cometa
508 2027 548 2065 in
579 2028 771 2069 confiniis
801 2030 994 2071 Pcrihelii
1028 2031 1224 2074 versatur.
1293 2032 1406 2072 Nam
1426 2033 1557 2086 posita
1576 2033 1638 2072 di-

168 2090 312 2129 stantia
346 2087 539 2131 Pcribelii
574 2092 753 2145 praecise
800 2106 852 2143 ο,
894 2107 917 2132 2
975 2093 1156 2136 Cometa
1208 2095 1420 2136 adhibebit
1459 2109 1512 2135 10
1550 2096 1637 2135 dies

171 2153 219 2191 ad
255 2152 564 2195 describendum
603 2156 800 2209 angulum
839 2161 918 2206 90O
954 2174 976 2199 a
1011 2158 1234 2210 Pcrihclio,
1273 2160 1420 2200 deinde
1449 2172 1549 2199 vero
1570 2171 1638 2198 re-

170 2215 272 2268 liqui
323 2223 377 2257 80
413 2218 500 2259 dies
537 2221 834 2273 impendentur
869 2223 918 2263 ad
955 2223 1264 2264 conficiendum
1303 2223 1501 2275 angulum
1540 2225 1639 2274 53⁰3

172 2280 349 2331 ideoque
386 2279 412 2318 si
449 2280 630 2323 Cometa
667 2285 742 2324 isto
778 2287 910 2339 priori
945 2287 1169 2328 interuallo
1205 2287 1351 2328 decem
1371 2287 1532 2328 dlerum
1553 2299 1638 2327 non

170 2343 273 2387 Aaa
292 2342 414 2383 Acad.
435 2343 530 2401 Imp.
550 2346 618 2389 Sc.
637 2347 744 2391 Tom.
764 2350 851 2391 Ι.Ρ.
872 2349 902 2392 Ι.
1149 2349 1194 2391 V
1229 2363 1256 2391 v
1513 2348 1639 2392 fuerit
