2029 2750
871 128 988 181 »ξ’-ἐζ
1053 124 1067 184 )
1107 130 1200 178 296
1233 125 1247 183 l
1312 126 1428 177 2323<-

409 245 455 295 in
487 243 548 298 T,
568 244 678 287 vnde
712 254 814 298 ergo
848 242 994 296 vtique
1028 239 1235 282 Saturnus
1272 241 1355 281 sine
1392 238 1547 282 annulo
1582 253 1780 295 apparere
1814 245 1882 286 de-

409 309 514 353 buit.
565 309 761 364 Quatuor
795 308 923 361 igitur
956 306 1270 360 propemodum
1308 304 1514 345 mcnfibus
1552 315 1648 346 ante
1677 306 1756 346 hoc
1778 315 1887 348 tem-

406 389 486 431 pus
522 373 722 415 Saturnus
758 371 883 413 fuerit
917 372 960 411 in
978 369 1020 419 S,
1041 369 1178 411 Terra
1211 382 1314 410 vero
1350 371 1390 408 in
1427 379 1457 418 t,
1487 369 1688 411 existente
1709 371 1818 411 recta
1838 370 1882 414 tS

404 439 483 495 ipsi
517 437 613 482 ΘΒ
646 435 876 491 parallela,
928 437 972 475 in
1015 447 1102 487 quo
1147 446 1251 486 ergo
1295 433 1371 474 situ
1407 433 1581 474 annulus
1618 433 1786 475 Saturni
1821 437 1884 477 di-

405 503 612 557 sparuerit
646 501 804 541 necesse
838 499 918 548 est,
955 510 1052 538 cum
1088 507 1186 537 ante
1221 496 1304 537 hoc
1339 507 1505 550 tempus
1541 498 1715 539 annulus
1749 498 1885 543 suisset

406 563 670 618 conspicuus,
706 563 779 603 nifi
815 563 902 603 eius
937 561 1061 602 facies
1097 560 1268 600 obscura
1291 559 1473 601 Terram
1494 562 1746 615 respexisset,
1768 566 1882 617 quod

407 630 554 680 vtique
590 629 835 680 contingere
869 625 1027 666 debuit.
1094 624 1320 678 Postquam
1355 634 1497 665 autem
1532 623 1732 669 Saturnus
1756 628 1796 667 iu
1817 628 1882 669 lo-

405 702 507 732 cum
541 689 577 731 B
613 690 798 732 tanfierit
831 702 963 744 vsque
997 690 1040 728 in
1075 701 1109 738 s,
1147 699 1255 729 terra
1289 689 1508 742 pocefferit
1542 690 1586 729 in
1608 695 1648 740 ι’,
1683 690 1752 730 vbi
1772 693 1882 733 resta

407 761 473 799 t¹s
507 755 647 796 denuo
683 754 857 796 euaserit
890 754 1024 795 rectae
1059 753 1153 798 ΘΒ
1188 752 1384 807 parallela
1405 783 1417 803 ,
1467 754 1526 793 ita
1558 762 1606 793 vt
1638 755 1764 796 etiam
1798 756 1882 798 hoc

405 829 601 875 tempore
637 819 812 861 annulus
848 818 1090 860 euanescere
1124 816 1324 860 debuerit.
1366 816 1446 859 Per
1479 826 1618 859 totum
1638 827 1779 860 autem
1797 819 1881 862 hoc

405 893 576 938 tempus
612 897 784 938 quoque
820 883 995 924 annulus
1030 882 1270 923 delitescere
1305 881 1471 932 debuit,
1506 893 1731 936 propterea
1765 882 1881 937 quod

407 947 560 988 faciem
596 948 816 988 obscuram
850 948 1014 988 Terrae
1049 947 1253 999 obuertit3
1287 947 1459 987 demum
1493 947 1633 1000 igitur,
1659 947 1878 1001 postquam

406 1010 546 1053 Terra
578 1011 688 1051 vltra
724 1011 954 1049 terminum
990 1008 1016 1048 ι’
1050 1010 1255 1061 processit,
1291 1011 1466 1053 annulus
1503 1010 1685 1064 conspici
1721 1012 1878 1065 potuit,

407 1075 524 1126 quod
561 1075 727 1113 circiter
763 1073 976 1124 contigisse
1011 1072 1152 1112 debuit
1196 1071 1281 1110 An.
1323 1078 1457 1121 1760.
1494 1074 1612 1114 Febr.
1652 1088 1720 1123 19.
1791 1073 1882 1117 Ve-

406 1148 505 1177 tum
549 1137 648 1188 quia
695 1134 778 1175 hoc
814 1145 1007 1188 tempore
1041 1134 1219 1173 latitudo
1255 1134 1422 1176 Saturni
1456 1134 1534 1176 fuit
1569 1139 1879 1188 propemodum

407 1201 472 1248 2⁰,
512 1204 563 1249 3‘,
585 1199 685 1240 hinc
720 1211 806 1239 non
842 1200 1046 1251 exiguum
1082 1196 1301 1237 discrimen
1337 1199 1380 1236 in
1414 1199 1478 1237 his
1499 1199 1758 1252 temporibus
1778 1201 1879 1243 oriri

408 1261 568 1315 debuit,
602 1270 733 1318 quam
768 1263 1134 1316 inuestigationem
1169 1273 1279 1302 nunc
1315 1261 1615 1314 aggrediamur.

541 1362 576 1411 ς.
619 1368 689 1404 18.
758 1356 1082 1401 Consideremus
1118 1356 1247 1429 igitur
1284 1368 1393 1395 nunc
1430 1352 1654 1395 Saturnum
1701 1356 1742 1397 in
1787 1356 1882 1401 loco

412 1437 666 1479 quocunque
704 1423 825 1482 supra
860 1422 1100 1479 eclipticam
1137 1421 1177 1461 in
1214 1420 1276 1472 gg,
1310 1419 1420 1460 vnde
1456 1420 1506 1459 ad
1541 1420 1778 1474 eclipticam
1815 1422 1883 1462 de-

411 1480 608 1531 ¹mittatur
643 1487 988 1542 perpendiculum
1026 1483 1124 1536 828,
1160 1484 1344 1537 hincque
1379 1485 1429 1524 ad
1465 1485 1619 1524 rectam
1657 1490 1695 1529 O
1709 1484 1752 1525 A
1787 1497 1884 1525 nor-

412 1551 534 1594 malis
570 1550 656 1595 SP.
724 1551 815 1593 Iam
852 1550 949 1603 quia
983 1549 1155 1604 planum
1192 1547 1332 1588 annuli
1369 1557 1443 1602 pet
1477 1549 1677 1602 puuc‘tum
1707 1551 1735 1598 b
1771 1559 1886 1589 tran-

412 1615 495 1664 fit,
531 1624 657 1667 atq-ue
693 1615 743 1654 ad
779 1614 1015 1668 eclipticam
1052 1611 1276 1653 inclinatur
1313 1612 1466 1665 angulo
1501 1614 1664 1653 circiter
1696 1604 1785 1662 31⁰,
1811 1613 1887 1652 du-

414 1688 534 1725 catur
569 1691 625 1720 ex
660 1679 818 1732 pund'to
852 1679 881 1728 t>
917 1679 968 1717 ad
1003 1678 1157 1717 restam
1204 1675 1229 1716 S
1254 1675 1283 1716 P
1328 1677 1437 1717 linea
1479 1679 1507 1727 i>
1528 1675 1585 1724 Σ,
1624 1689 1728 1728 quae
1765 1676 1886 1718 faciat

412 1742 614 1797 angulum
650 1732 948 1793 Szbzgs’,
968 1740 1134 1794 hocque
1171 1741 1301 1780 modo
1336 1741 1447 1780 rec‘ta
1480 1737 1572 1790 iffi
1607 1741 1684 1781 crit
1721 1741 1761 1779 in
1798 1739 1885 1792 pla-

411 1820 470 1847 no
507 1805 680 1856 annuli,
719 1807 833 1860 quod
867 1818 969 1862 ergo
1005 1804 1243 1860 eclipticam
1281 1804 1431 1845 secabit
1467 1804 1691 1846 secundum
1726 1804 1882 1845 restam

412 1866 512 1914 ΣΘ
550 1870 622 1924 ipfi
660 1869 753 1917 ΘΑ
789 1870 1045 1924 parallelam,
1081 1870 1138 1910 ita
1173 1879 1221 1910 vt
1259 1869 1426 1922 quando
1461 1868 1528 1909 vel
1562 1867 1635 1909 Sol
1663 1866 1729 1908 vel
1748 1866 1885 1910 Terra

413 1934 457 1973 in
493 1933 571 1974 hac
606 1935 718 1975 recta
751 1930 853 1977 ΣΘ
899 1934 1164 1987 reperietur,
1214 1932 1387 1974 annulus
1434 1932 1678 1973 euanescere
1723 1930 1881 1973 debeat.

412 1993 542 2035 Vnde
577 2007 693 2048 patet
725 1998 800 2039 has
835 1998 1127 2052 disparitiones
1165 2009 1249 2037 non
1286 1997 1531 2052 contingere
1553 2026 1563 2045 ,
1608 1995 1774 2049 quando
1808 1993 1881 2034 Sa-

412 2067 564 2103 turnus
602 2060 827 2101 secundum
863 2062 993 2115 ipsam
1030 2055 1136 2104 ΘΣ
1170 2061 1453 2114 conspicitur,
1490 2060 1555 2101 sed
1597 2058 1764 2112 quando
1810 2057 1882 2098 ali-

412 2134 505 2183 quo
539 2123 763 2166 interuallo
799 2124 846 2164 ab
881 2124 959 2168 hac
993 2125 1200 2178 positione
1232 2125 1358 2166 fuerit
1391 2133 1595 2167 remotus·

567 2221 602 2270 §.
643 2231 713 2270 19.
781 2218 898 2259 Hinc
932 2218 1016 2259 iam
1053 2220 1192 2273 primo
1228 2227 1446 2258 momenta
1481 2230 1752 2271 quaeramus,
1790 2218 1883 2270 qui-

419 2284 496 2328 bus
532 2283 705 2339 planum
740 2283 882 2324 annuli
916 2295 989 2338 per
1024 2283 1159 2339 ipsum
1192 2281 1337 2326 Solem
1375 2282 1529 2332 transit,
1566 2295 1651 2337 quo
1686 2293 1786 2336 ergo
1806 2295 1882 2385 pgo

1769 2358 1823 2386 no
1854 2358 1881 2384 o
