2029 2750
852 115 970 177 »ἓξὲξ
1034 111 1144 177 )Ὶ38
1181 113 1198 170 (
1260 108 1377 166 ἓῖεένό

946 244 949 248 ’
989 242 1015 286 31
1069 225 1112 268 D
1130 225 1169 266 E

384 310 716 366 FORMVLIS
768 306 1398 363 EXPONENTIALIBVS
1462 304 1855 359 REPLICATIS.

991 432 1262 485 Auctore

857 527 904 569 L.
973 528 1009 568 E
1046 525 1143 567 VL
1178 524 1287 583 E'R
1321 527 1372 583 07

1045 655 1078 704 §-
1153 666 1190 694 1.

387 718 829 861 Communicauit
864 771 998 813 nuper
1032 770 1130 799 cum
1164 757 1396 800 Academia
1432 757 1578 801 Illustr.
1608 759 1791 803 Marcht'o
1812 761 1858 803 de

421 857 424 861 ,
552 821 780 875 Οοηᾶονςεῑ
817 822 1149 876 profundissimas
1185 822 1484 876 speculationes
1515 820 1625 865 circa
1659 825 1859 867 formulas

389 886 638 937 Analyticas
659 886 743 926 fere
763 888 929 939 penitus
950 886 1147 936 insolitas,
1183 887 1294 928 inter
1313 901 1412 942 quas
1431 889 1618 941 primum
1638 889 1863 929 locumte-

393 961 496 993 nent
511 949 721 990 formulae
742 980 752 1000 ‚
788 963 888 1003 quas
909 951 985 1001 hie,
1006 951 1215 1004 appellare
1243 951 1365 992 liceat
1392 953 1709 1006 exponentiales
1739 953 1864 1007 repli-

390 1025 537 1065 catas;
572 1014 921 1067 quandoquidem
951 1013 1160 1070 quaelibet
1186 1016 1364 1069 potestas
1394 1016 1478 1056 abit
1505 1017 1547 1055 in
1578 1027 1865 1070 exponentem

395 1078 604 1133 sequentis
623 1078 836 1132 potestatis
858 1094 865 1119 ε
902 1081 1142 1122 cuiusmodi
1161 1079 1364 1136 expressio
1383 1079 1464 1124 hoc
1485 1080 1615 1120 modo
1644 1081 1773 1136 vulgo
1800 1094 1865 1123 re-

877 1160 918 1187 α.

864 1221 888 1251 7.

851 1284 875 1312 r

824 1348 847 1376 r

397 1397 648 1452 praesentari
670 1397 773 1439 solet
808 1412 829 1439 r
865 1400 1083 1454 Quoniam
1119 1409 1256 1442 antem
1287 1401 1448 1443 indoles
1480 1401 1625 1444 talium
1647 1404 1873 1459 expreffio-

402 1474 507 1504 num
527 1463 766 1502 etiamnunc
788 1475 935 1514 parum
956 1466 1012 1505 est
1031 1464 1247 1517 perspeera
1267 1497 1276 1515 ‚
1313 1468 1438 1507 etiam
1469 1469 1531 1508 vis
1561 1467 1726 1509 illarum
1755 1471 1872 1510 inue-

403 1526 672 1579 stigationum
709 1526 944 1568 incredibili
981 1528 1197 1581 sagacitate
1233 1540 1447 1571 erutarum
1485 1534 1729 1586 nentiquam
1763 1534 1873 1574 clare

400 1591 562 1645 percipi
583 1603 623 1632 et
643 1591 837 1646 cognosci
867 1593 1000 1647 potest
1021 1605 1031 1644 3
1066 1592 1174 1632 hanc
1194 1593 1247 1632 ob
1268 1607 1355 1633 rem
1376 1594 1485 1634 haud
1505 1597 1652 1636 inutile
1672 1599 1766 1645 erit,
1788 1597 1871 1637 hoc

401 1655 500 1696 loco
518 1657 765 1711 praecipuas
786 1658 1064 1711 proprietates
1087 1657 1230 1697 talium
1251 1659 1563 1711 expressionum
1583 1660 1808 1712 explicare.
1862 1662 1865 1665 ’

519 1742 553 1789 ξ.
577 1753 615 1780 2.
635 1741 761 1782 Hunc
781 1742 822 1781 in
843 1741 986 1792 finem,
1007 1756 1101 1786 cum
1124 1744 1339 1799 supremus
1366 1757 1583 1799 exponens
1603 1745 1758 1799 positus
1779 1746 1878 1795 sita,

410 1802 496 1856 ipsa
515 1796 654 1845 autem
676 1807 883 1859 quantitas
904 1807 1108 1848 continuo
1127 1801 1327 1848 eleuanda
1346 1809 1568 1849 denotetur
1587 1809 1725 1849 littera
1744 1821 1777 1857 r,
1804 1808 1879 1848 sta-

406 1876 575 1908 tuamus
604 1869 789 1924 primam
825 1872 1072 1926 potestatem
1102 1874 1210 1913 r“:
1272 1904 1281 1923 ,
1318 1882 1442 1927 atque
1469 1873 1553 1914 iam
1581 1874 1610 1929 β
1638 1873 1718 1913 erit
1744 1883 1878 1926 expo-

1018 1953 1044 1981 οι

1010 2016 1032 2044 r

410 2072 512 2101 nens
533 2059 732 2104 secundae
752 2066 968 2119 poi-estatis
996 2059 1157 2117 rzrss,
1193 2082 1319 2123 quam
1354 2081 1485 2122 porro
1519 2066 1777 2119 designemus
1813 2064 1880 2105 lit-

412 2132 499 2164 tera
520 2140 572 2181 Ύ,
608 2139 713 2180 quae
742 2142 839 2168 cum
861 2129 908 2169 sit
927 2143 1145 2183 exponens
1167 2134 1310 2172 tertiae
1329 2133 1553 2185 potestati5‚
1588 2130 1810 2170 statuamus
1832 2128 1881 2168 sr-

412 2187 503 2227 mili
530 2190 658 2230 modo
677 2189 826 2243 77:33
846 2202 935 2232 tum
955 2206 1058 2234 vero
1076 2207 1207 2248 porro
1236 2188 1370 2246 r⁶':s;
1406 2192 1522 2248 νεῐζ
1539 2205 1616 2235 etc.
1655 2195 1711 2234 ita
1738 2203 1783 2234 vt
1801 2192 1883 2233 hoc

414 2253 548 2313 modo
575 2263 712 2297 totum
742 2257 960 2311 negotium
989 2258 1210 2300 reducatur
1229 2260 1277 2300 ad
1297 2259 1670 2301 considerationem
1689 2268 1883 2312 progres-

1757 2320 1879 2362 fionss
